%YAML 1.1
%TAG !u! tag:unity3d.com,2011:
--- !u!1 &7258026095827423193
GameObject:
  m_ObjectHideFlags: 0
  m_CorrespondingSourceObject: {fileID: 0}
  m_PrefabInstance: {fileID: 0}
  m_PrefabAsset: {fileID: 0}
  serializedVersion: 6
  m_Component:
  - component: {fileID: 7258026095827423198}
  - component: {fileID: 7258026095827423196}
  - component: {fileID: 7258026095827423199}
  m_Layer: 0
  m_Name: finishTrigger
  m_TagString: Untagged
  m_Icon: {fileID: 0}
  m_NavMeshLayer: 0
  m_StaticEditorFlags: 0
  m_IsActive: 1
--- !u!4 &7258026095827423198
Transform:
  m_ObjectHideFlags: 0
  m_CorrespondingSourceObject: {fileID: 0}
  m_PrefabInstance: {fileID: 0}
  m_PrefabAsset: {fileID: 0}
  m_GameObject: {fileID: 7258026095827423193}
  m_LocalRotation: {x: 0, y: 0, z: 0, w: 1}
  m_LocalPosition: {x: 0, y: 0, z: 116.03}
  m_LocalScale: {x: 1, y: 1, z: 1}
  m_Children: []
  m_Father: {fileID: 7258026097577485080}
  m_RootOrder: 3
  m_LocalEulerAnglesHint: {x: 0, y: 0, z: 0}
--- !u!65 &7258026095827423196
BoxCollider:
  m_ObjectHideFlags: 0
  m_CorrespondingSourceObject: {fileID: 0}
  m_PrefabInstance: {fileID: 0}
  m_PrefabAsset: {fileID: 0}
  m_GameObject: {fileID: 7258026095827423193}
  m_Material: {fileID: 0}
  m_IsTrigger: 1
  m_Enabled: 1
  serializedVersion: 2
  m_Size: {x: 4.2974224, y: 2.5555649, z: 1}
  m_Center: {x: 0, y: 0.77778244, z: 0}
--- !u!114 &7258026095827423199
MonoBehaviour:
  m_ObjectHideFlags: 0
  m_CorrespondingSourceObject: {fileID: 0}
  m_PrefabInstance: {fileID: 0}
  m_PrefabAsset: {fileID: 0}
  m_GameObject: {fileID: 7258026095827423193}
  m_Enabled: 1
  m_EditorHideFlags: 0
  m_Script: {fileID: 11500000, guid: 1335c098c0566584da54b339844d4cc4, type: 3}
  m_Name: 
  m_EditorClassIdentifier: 
--- !u!65 &7258026096006970514
BoxCollider:
  m_ObjectHideFlags: 0
  m_CorrespondingSourceObject: {fileID: 0}
  m_PrefabInstance: {fileID: 0}
  m_PrefabAsset: {fileID: 0}
  m_GameObject: {fileID: 7258026096007002687}
  m_Material: {fileID: 0}
  m_IsTrigger: 0
  m_Enabled: 1
  serializedVersion: 2
  m_Size: {x: 2.000001, y: 2.0000005, z: 0.32000515}
  m_Center: {x: -4.6270366e-13, y: 1.0000002, z: 0.15999751}
--- !u!1 &7258026096177541714
GameObject:
  m_ObjectHideFlags: 0
  m_CorrespondingSourceObject: {fileID: 0}
  m_PrefabInstance: {fileID: 0}
  m_PrefabAsset: {fileID: 0}
  serializedVersion: 6
  m_Component:
  - component: {fileID: 7258026096177541715}
  m_Layer: 0
  m_Name: Obstacles
  m_TagString: Untagged
  m_Icon: {fileID: 0}
  m_NavMeshLayer: 0
  m_StaticEditorFlags: 0
  m_IsActive: 1
--- !u!4 &7258026096177541715
Transform:
  m_ObjectHideFlags: 0
  m_CorrespondingSourceObject: {fileID: 0}
  m_PrefabInstance: {fileID: 0}
  m_PrefabAsset: {fileID: 0}
  m_GameObject: {fileID: 7258026096177541714}
  m_LocalRotation: {x: 0, y: 0, z: 0, w: 1}
  m_LocalPosition: {x: 0, y: 0, z: 0}
  m_LocalScale: {x: 1, y: 1, z: 1}
  m_Children:
  - {fileID: 5746277013482692523}
  - {fileID: 3972030668874329411}
  - {fileID: 2016109335203457643}
  - {fileID: 6524831673277278111}
  - {fileID: 6524831672965655037}
  - {fileID: 6524831673255377033}
  - {fileID: 6524831674340560344}
  - {fileID: 5746277014452799053}
  - {fileID: 6783470676275753950}
  - {fileID: 6524831672327375472}
  - {fileID: 5746277013126412652}
  - {fileID: 6783470675557649120}
  - {fileID: 6524831674305989478}
  - {fileID: 6524831673739679008}
  - {fileID: 6524831672337408711}
  - {fileID: 6524831672774135231}
  - {fileID: 5746277014271238540}
  - {fileID: 6783470675507838164}
  - {fileID: 6524831672915101636}
  - {fileID: 5746277013910236011}
  - {fileID: 6783470676553301898}
  - {fileID: 6524831673640842489}
  - {fileID: 6524831672555100525}
  - {fileID: 6524831672585898901}
  - {fileID: 6524831673701890083}
  - {fileID: 5746277013160913696}
  m_Father: {fileID: 7258026096338356279}
  m_RootOrder: 1
  m_LocalEulerAnglesHint: {x: 0, y: 0, z: 0}
--- !u!1 &7258026096338356278
GameObject:
  m_ObjectHideFlags: 0
  m_CorrespondingSourceObject: {fileID: 0}
  m_PrefabInstance: {fileID: 0}
  m_PrefabAsset: {fileID: 0}
  serializedVersion: 6
  m_Component:
  - component: {fileID: 7258026096338356279}
  m_Layer: 0
  m_Name: Level0
  m_TagString: Untagged
  m_Icon: {fileID: 0}
  m_NavMeshLayer: 0
  m_StaticEditorFlags: 0
  m_IsActive: 1
--- !u!4 &7258026096338356279
Transform:
  m_ObjectHideFlags: 0
  m_CorrespondingSourceObject: {fileID: 0}
  m_PrefabInstance: {fileID: 0}
  m_PrefabAsset: {fileID: 0}
  m_GameObject: {fileID: 7258026096338356278}
  m_LocalRotation: {x: 0, y: 0, z: 0, w: 1}
  m_LocalPosition: {x: 0, y: 0, z: 0}
  m_LocalScale: {x: 1, y: 1, z: 1}
  m_Children:
  - {fileID: 7258026097577485080}
  - {fileID: 7258026096177541715}
  m_Father: {fileID: 0}
  m_RootOrder: 0
  m_LocalEulerAnglesHint: {x: 0, y: 0, z: 0}
--- !u!65 &7258026097447261004
BoxCollider:
  m_ObjectHideFlags: 0
  m_CorrespondingSourceObject: {fileID: 0}
  m_PrefabInstance: {fileID: 0}
  m_PrefabAsset: {fileID: 0}
  m_GameObject: {fileID: 7258026097447163369}
  m_Material: {fileID: 0}
  m_IsTrigger: 0
  m_Enabled: 1
  serializedVersion: 2
  m_Size: {x: 2, y: 0.98480767, z: 0.32000002}
  m_Center: {x: -4.085328e-14, y: 0.49240384, z: 0.16000001}
--- !u!1 &7258026097577485083
GameObject:
  m_ObjectHideFlags: 0
  m_CorrespondingSourceObject: {fileID: 0}
  m_PrefabInstance: {fileID: 0}
  m_PrefabAsset: {fileID: 0}
  serializedVersion: 6
  m_Component:
  - component: {fileID: 7258026097577485080}
  m_Layer: 0
  m_Name: Platforms
  m_TagString: Untagged
  m_Icon: {fileID: 0}
  m_NavMeshLayer: 0
  m_StaticEditorFlags: 0
  m_IsActive: 1
--- !u!4 &7258026097577485080
Transform:
  m_ObjectHideFlags: 0
  m_CorrespondingSourceObject: {fileID: 0}
  m_PrefabInstance: {fileID: 0}
  m_PrefabAsset: {fileID: 0}
  m_GameObject: {fileID: 7258026097577485083}
  m_LocalRotation: {x: 0, y: 0, z: 0, w: 1}
  m_LocalPosition: {x: 0, y: -0.32, z: 0}
  m_LocalScale: {x: 1, y: 1, z: 1}
  m_Children:
  - {fileID: 7258026096007095839}
  - {fileID: 7258026097591521776}
  - {fileID: 7258026097447389641}
  - {fileID: 7258026095827423198}
  m_Father: {fileID: 7258026096338356279}
  m_RootOrder: 0
  m_LocalEulerAnglesHint: {x: 0, y: 0, z: 0}
--- !u!65 &7258026097591389047
BoxCollider:
  m_ObjectHideFlags: 0
  m_CorrespondingSourceObject: {fileID: 0}
  m_PrefabInstance: {fileID: 0}
  m_PrefabAsset: {fileID: 0}
  m_GameObject: {fileID: 7258026097591356880}
  m_Material: {fileID: 0}
  m_IsTrigger: 0
  m_Enabled: 1
  serializedVersion: 2
  m_Size: {x: 2, y: 0.984808, z: 0.32000008}
  m_Center: {x: 0, y: 0.492404, z: 0.16000004}
--- !u!1001 &974314900405779229
PrefabInstance:
  m_ObjectHideFlags: 0
  serializedVersion: 2
  m_Modification:
    m_TransformParent: {fileID: 7258026096177541715}
    m_Modifications:
    - target: {fileID: 3828571583341469889, guid: 12684da76d125604a9e6fb4f4e20d693,
        type: 3}
      propertyPath: m_Name
      value: ObstacleLow Variant
      objectReference: {fileID: 0}
    - target: {fileID: 4222699576546055774, guid: 12684da76d125604a9e6fb4f4e20d693,
        type: 3}
      propertyPath: m_LocalPosition.x
      value: 0
      objectReference: {fileID: 0}
    - target: {fileID: 4222699576546055774, guid: 12684da76d125604a9e6fb4f4e20d693,
        type: 3}
      propertyPath: m_LocalPosition.y
      value: 0
      objectReference: {fileID: 0}
    - target: {fileID: 4222699576546055774, guid: 12684da76d125604a9e6fb4f4e20d693,
        type: 3}
      propertyPath: m_LocalPosition.z
      value: 20.06
      objectReference: {fileID: 0}
    - target: {fileID: 4222699576546055774, guid: 12684da76d125604a9e6fb4f4e20d693,
        type: 3}
      propertyPath: m_LocalRotation.x
      value: -0
      objectReference: {fileID: 0}
    - target: {fileID: 4222699576546055774, guid: 12684da76d125604a9e6fb4f4e20d693,
        type: 3}
      propertyPath: m_LocalRotation.y
      value: -0
      objectReference: {fileID: 0}
    - target: {fileID: 4222699576546055774, guid: 12684da76d125604a9e6fb4f4e20d693,
        type: 3}
      propertyPath: m_LocalRotation.z
      value: -0
      objectReference: {fileID: 0}
    - target: {fileID: 4222699576546055774, guid: 12684da76d125604a9e6fb4f4e20d693,
        type: 3}
      propertyPath: m_LocalRotation.w
      value: 1
      objectReference: {fileID: 0}
    - target: {fileID: 4222699576546055774, guid: 12684da76d125604a9e6fb4f4e20d693,
        type: 3}
      propertyPath: m_RootOrder
      value: 1
      objectReference: {fileID: 0}
    - target: {fileID: 4222699576546055774, guid: 12684da76d125604a9e6fb4f4e20d693,
        type: 3}
      propertyPath: m_LocalEulerAnglesHint.x
      value: 0
      objectReference: {fileID: 0}
    - target: {fileID: 4222699576546055774, guid: 12684da76d125604a9e6fb4f4e20d693,
        type: 3}
      propertyPath: m_LocalEulerAnglesHint.y
      value: 0
      objectReference: {fileID: 0}
    - target: {fileID: 4222699576546055774, guid: 12684da76d125604a9e6fb4f4e20d693,
        type: 3}
      propertyPath: m_LocalEulerAnglesHint.z
      value: 0
      objectReference: {fileID: 0}
    m_RemovedComponents: []
  m_SourcePrefab: {fileID: 100100000, guid: 12684da76d125604a9e6fb4f4e20d693, type: 3}
--- !u!4 &3972030668874329411 stripped
Transform:
  m_CorrespondingSourceObject: {fileID: 4222699576546055774, guid: 12684da76d125604a9e6fb4f4e20d693,
    type: 3}
  m_PrefabInstance: {fileID: 974314900405779229}
  m_PrefabAsset: {fileID: 0}
--- !u!1001 &2724611063797356905
PrefabInstance:
  m_ObjectHideFlags: 0
  serializedVersion: 2
  m_Modification:
    m_TransformParent: {fileID: 7258026096177541715}
    m_Modifications:
    - target: {fileID: 3570986064402859421, guid: 1451599c40778f7429eb6d5db20946cc,
        type: 3}
      propertyPath: m_Name
      value: ObstacleHigh
      objectReference: {fileID: 0}
    - target: {fileID: 4482607276806058754, guid: 1451599c40778f7429eb6d5db20946cc,
        type: 3}
      propertyPath: m_LocalPosition.x
      value: 0
      objectReference: {fileID: 0}
    - target: {fileID: 4482607276806058754, guid: 1451599c40778f7429eb6d5db20946cc,
        type: 3}
      propertyPath: m_LocalPosition.y
      value: 0
      objectReference: {fileID: 0}
    - target: {fileID: 4482607276806058754, guid: 1451599c40778f7429eb6d5db20946cc,
        type: 3}
      propertyPath: m_LocalPosition.z
      value: 7.86
      objectReference: {fileID: 0}
    - target: {fileID: 4482607276806058754, guid: 1451599c40778f7429eb6d5db20946cc,
        type: 3}
      propertyPath: m_LocalRotation.x
      value: -0
      objectReference: {fileID: 0}
    - target: {fileID: 4482607276806058754, guid: 1451599c40778f7429eb6d5db20946cc,
        type: 3}
      propertyPath: m_LocalRotation.y
      value: -0
      objectReference: {fileID: 0}
    - target: {fileID: 4482607276806058754, guid: 1451599c40778f7429eb6d5db20946cc,
        type: 3}
      propertyPath: m_LocalRotation.z
      value: -0
      objectReference: {fileID: 0}
    - target: {fileID: 4482607276806058754, guid: 1451599c40778f7429eb6d5db20946cc,
        type: 3}
      propertyPath: m_LocalRotation.w
      value: 1
      objectReference: {fileID: 0}
    - target: {fileID: 4482607276806058754, guid: 1451599c40778f7429eb6d5db20946cc,
        type: 3}
      propertyPath: m_RootOrder
      value: 2
      objectReference: {fileID: 0}
    - target: {fileID: 4482607276806058754, guid: 1451599c40778f7429eb6d5db20946cc,
        type: 3}
      propertyPath: m_LocalEulerAnglesHint.x
      value: 0
      objectReference: {fileID: 0}
    - target: {fileID: 4482607276806058754, guid: 1451599c40778f7429eb6d5db20946cc,
        type: 3}
      propertyPath: m_LocalEulerAnglesHint.y
      value: 0
      objectReference: {fileID: 0}
    - target: {fileID: 4482607276806058754, guid: 1451599c40778f7429eb6d5db20946cc,
        type: 3}
      propertyPath: m_LocalEulerAnglesHint.z
      value: 0
      objectReference: {fileID: 0}
    - target: {fileID: 5032388161689919956, guid: 1451599c40778f7429eb6d5db20946cc,
        type: 3}
      propertyPath: m_Size.z
      value: 0.08056116
      objectReference: {fileID: 0}
    - target: {fileID: 5032388161689919956, guid: 1451599c40778f7429eb6d5db20946cc,
        type: 3}
      propertyPath: m_Center.z
      value: 0.03575921
      objectReference: {fileID: 0}
    m_RemovedComponents: []
  m_SourcePrefab: {fileID: 100100000, guid: 1451599c40778f7429eb6d5db20946cc, type: 3}
--- !u!4 &2016109335203457643 stripped
Transform:
  m_CorrespondingSourceObject: {fileID: 4482607276806058754, guid: 1451599c40778f7429eb6d5db20946cc,
    type: 3}
  m_PrefabInstance: {fileID: 2724611063797356905}
  m_PrefabAsset: {fileID: 0}
--- !u!1001 &7258026095645594053
PrefabInstance:
  m_ObjectHideFlags: 0
  serializedVersion: 2
  m_Modification:
    m_TransformParent: {fileID: 7258026096177541715}
    m_Modifications:
    - target: {fileID: 3570986064402859421, guid: 1451599c40778f7429eb6d5db20946cc,
        type: 3}
      propertyPath: m_Name
      value: ObstacleHigh (8)
      objectReference: {fileID: 0}
    - target: {fileID: 4482607276806058754, guid: 1451599c40778f7429eb6d5db20946cc,
        type: 3}
      propertyPath: m_LocalPosition.x
      value: 0
      objectReference: {fileID: 0}
    - target: {fileID: 4482607276806058754, guid: 1451599c40778f7429eb6d5db20946cc,
        type: 3}
      propertyPath: m_LocalPosition.y
      value: 0
      objectReference: {fileID: 0}
    - target: {fileID: 4482607276806058754, guid: 1451599c40778f7429eb6d5db20946cc,
        type: 3}
      propertyPath: m_LocalPosition.z
      value: 67.26
      objectReference: {fileID: 0}
    - target: {fileID: 4482607276806058754, guid: 1451599c40778f7429eb6d5db20946cc,
        type: 3}
      propertyPath: m_LocalRotation.x
      value: -0
      objectReference: {fileID: 0}
    - target: {fileID: 4482607276806058754, guid: 1451599c40778f7429eb6d5db20946cc,
        type: 3}
      propertyPath: m_LocalRotation.y
      value: -0
      objectReference: {fileID: 0}
    - target: {fileID: 4482607276806058754, guid: 1451599c40778f7429eb6d5db20946cc,
        type: 3}
      propertyPath: m_LocalRotation.z
      value: -0
      objectReference: {fileID: 0}
    - target: {fileID: 4482607276806058754, guid: 1451599c40778f7429eb6d5db20946cc,
        type: 3}
      propertyPath: m_LocalRotation.w
      value: 1
      objectReference: {fileID: 0}
    - target: {fileID: 4482607276806058754, guid: 1451599c40778f7429eb6d5db20946cc,
        type: 3}
      propertyPath: m_RootOrder
      value: 14
      objectReference: {fileID: 0}
    - target: {fileID: 4482607276806058754, guid: 1451599c40778f7429eb6d5db20946cc,
        type: 3}
      propertyPath: m_LocalEulerAnglesHint.x
      value: 0
      objectReference: {fileID: 0}
    - target: {fileID: 4482607276806058754, guid: 1451599c40778f7429eb6d5db20946cc,
        type: 3}
      propertyPath: m_LocalEulerAnglesHint.y
      value: 0
      objectReference: {fileID: 0}
    - target: {fileID: 4482607276806058754, guid: 1451599c40778f7429eb6d5db20946cc,
        type: 3}
      propertyPath: m_LocalEulerAnglesHint.z
      value: 0
      objectReference: {fileID: 0}
    - target: {fileID: 5032388161689919956, guid: 1451599c40778f7429eb6d5db20946cc,
        type: 3}
      propertyPath: m_Size.z
      value: 0.08056116
      objectReference: {fileID: 0}
    - target: {fileID: 5032388161689919956, guid: 1451599c40778f7429eb6d5db20946cc,
        type: 3}
      propertyPath: m_Center.z
      value: 0.03575921
      objectReference: {fileID: 0}
    m_RemovedComponents: []
  m_SourcePrefab: {fileID: 100100000, guid: 1451599c40778f7429eb6d5db20946cc, type: 3}
--- !u!4 &6524831672337408711 stripped
Transform:
  m_CorrespondingSourceObject: {fileID: 4482607276806058754, guid: 1451599c40778f7429eb6d5db20946cc,
    type: 3}
  m_PrefabInstance: {fileID: 7258026095645594053}
  m_PrefabAsset: {fileID: 0}
--- !u!1001 &7258026095651436914
PrefabInstance:
  m_ObjectHideFlags: 0
  serializedVersion: 2
  m_Modification:
    m_TransformParent: {fileID: 7258026096177541715}
    m_Modifications:
    - target: {fileID: 3570986064402859421, guid: 1451599c40778f7429eb6d5db20946cc,
        type: 3}
      propertyPath: m_Name
      value: ObstacleHigh (5)
      objectReference: {fileID: 0}
    - target: {fileID: 4482607276806058754, guid: 1451599c40778f7429eb6d5db20946cc,
        type: 3}
      propertyPath: m_LocalPosition.x
      value: 0
      objectReference: {fileID: 0}
    - target: {fileID: 4482607276806058754, guid: 1451599c40778f7429eb6d5db20946cc,
        type: 3}
      propertyPath: m_LocalPosition.y
      value: 0
      objectReference: {fileID: 0}
    - target: {fileID: 4482607276806058754, guid: 1451599c40778f7429eb6d5db20946cc,
        type: 3}
      propertyPath: m_LocalPosition.z
      value: 64.71001
      objectReference: {fileID: 0}
    - target: {fileID: 4482607276806058754, guid: 1451599c40778f7429eb6d5db20946cc,
        type: 3}
      propertyPath: m_LocalRotation.x
      value: -0
      objectReference: {fileID: 0}
    - target: {fileID: 4482607276806058754, guid: 1451599c40778f7429eb6d5db20946cc,
        type: 3}
      propertyPath: m_LocalRotation.y
      value: -0
      objectReference: {fileID: 0}
    - target: {fileID: 4482607276806058754, guid: 1451599c40778f7429eb6d5db20946cc,
        type: 3}
      propertyPath: m_LocalRotation.z
      value: -0
      objectReference: {fileID: 0}
    - target: {fileID: 4482607276806058754, guid: 1451599c40778f7429eb6d5db20946cc,
        type: 3}
      propertyPath: m_LocalRotation.w
      value: 1
      objectReference: {fileID: 0}
    - target: {fileID: 4482607276806058754, guid: 1451599c40778f7429eb6d5db20946cc,
        type: 3}
      propertyPath: m_RootOrder
      value: 9
      objectReference: {fileID: 0}
    - target: {fileID: 4482607276806058754, guid: 1451599c40778f7429eb6d5db20946cc,
        type: 3}
      propertyPath: m_LocalEulerAnglesHint.x
      value: 0
      objectReference: {fileID: 0}
    - target: {fileID: 4482607276806058754, guid: 1451599c40778f7429eb6d5db20946cc,
        type: 3}
      propertyPath: m_LocalEulerAnglesHint.y
      value: 0
      objectReference: {fileID: 0}
    - target: {fileID: 4482607276806058754, guid: 1451599c40778f7429eb6d5db20946cc,
        type: 3}
      propertyPath: m_LocalEulerAnglesHint.z
      value: 0
      objectReference: {fileID: 0}
    - target: {fileID: 5032388161689919956, guid: 1451599c40778f7429eb6d5db20946cc,
        type: 3}
      propertyPath: m_Size.z
      value: 0.08056116
      objectReference: {fileID: 0}
    - target: {fileID: 5032388161689919956, guid: 1451599c40778f7429eb6d5db20946cc,
        type: 3}
      propertyPath: m_Center.z
      value: 0.03575921
      objectReference: {fileID: 0}
    m_RemovedComponents: []
  m_SourcePrefab: {fileID: 100100000, guid: 1451599c40778f7429eb6d5db20946cc, type: 3}
--- !u!4 &6524831672327375472 stripped
Transform:
  m_CorrespondingSourceObject: {fileID: 4482607276806058754, guid: 1451599c40778f7429eb6d5db20946cc,
    type: 3}
  m_PrefabInstance: {fileID: 7258026095651436914}
  m_PrefabAsset: {fileID: 0}
--- !u!1001 &7258026095772215764
PrefabInstance:
  m_ObjectHideFlags: 0
  serializedVersion: 2
  m_Modification:
    m_TransformParent: {fileID: 7258026096177541715}
    m_Modifications:
    - target: {fileID: 3828571583341469889, guid: 12684da76d125604a9e6fb4f4e20d693,
        type: 3}
      propertyPath: m_Name
      value: ObstacleLow Variant (4)
      objectReference: {fileID: 0}
    - target: {fileID: 4222699576546055774, guid: 12684da76d125604a9e6fb4f4e20d693,
        type: 3}
      propertyPath: m_LocalPosition.x
      value: 0
      objectReference: {fileID: 0}
    - target: {fileID: 4222699576546055774, guid: 12684da76d125604a9e6fb4f4e20d693,
        type: 3}
      propertyPath: m_LocalPosition.y
      value: 0
      objectReference: {fileID: 0}
    - target: {fileID: 4222699576546055774, guid: 12684da76d125604a9e6fb4f4e20d693,
        type: 3}
      propertyPath: m_LocalPosition.z
      value: 96.89
      objectReference: {fileID: 0}
    - target: {fileID: 4222699576546055774, guid: 12684da76d125604a9e6fb4f4e20d693,
        type: 3}
      propertyPath: m_LocalRotation.x
      value: -0
      objectReference: {fileID: 0}
    - target: {fileID: 4222699576546055774, guid: 12684da76d125604a9e6fb4f4e20d693,
        type: 3}
      propertyPath: m_LocalRotation.y
      value: -0
      objectReference: {fileID: 0}
    - target: {fileID: 4222699576546055774, guid: 12684da76d125604a9e6fb4f4e20d693,
        type: 3}
      propertyPath: m_LocalRotation.z
      value: -0
      objectReference: {fileID: 0}
    - target: {fileID: 4222699576546055774, guid: 12684da76d125604a9e6fb4f4e20d693,
        type: 3}
      propertyPath: m_LocalRotation.w
      value: 1
      objectReference: {fileID: 0}
    - target: {fileID: 4222699576546055774, guid: 12684da76d125604a9e6fb4f4e20d693,
        type: 3}
      propertyPath: m_RootOrder
      value: 20
      objectReference: {fileID: 0}
    - target: {fileID: 4222699576546055774, guid: 12684da76d125604a9e6fb4f4e20d693,
        type: 3}
      propertyPath: m_LocalEulerAnglesHint.x
      value: 0
      objectReference: {fileID: 0}
    - target: {fileID: 4222699576546055774, guid: 12684da76d125604a9e6fb4f4e20d693,
        type: 3}
      propertyPath: m_LocalEulerAnglesHint.y
      value: 0
      objectReference: {fileID: 0}
    - target: {fileID: 4222699576546055774, guid: 12684da76d125604a9e6fb4f4e20d693,
        type: 3}
      propertyPath: m_LocalEulerAnglesHint.z
      value: 0
      objectReference: {fileID: 0}
    m_RemovedComponents: []
  m_SourcePrefab: {fileID: 100100000, guid: 12684da76d125604a9e6fb4f4e20d693, type: 3}
--- !u!4 &6783470676553301898 stripped
Transform:
  m_CorrespondingSourceObject: {fileID: 4222699576546055774, guid: 12684da76d125604a9e6fb4f4e20d693,
    type: 3}
  m_PrefabInstance: {fileID: 7258026095772215764}
  m_PrefabAsset: {fileID: 0}
--- !u!1001 &7258026095826856559
PrefabInstance:
  m_ObjectHideFlags: 0
  serializedVersion: 2
  m_Modification:
    m_TransformParent: {fileID: 7258026096177541715}
    m_Modifications:
    - target: {fileID: 3570986064402859421, guid: 1451599c40778f7429eb6d5db20946cc,
        type: 3}
      propertyPath: m_Name
      value: ObstacleHigh (12)
      objectReference: {fileID: 0}
    - target: {fileID: 4482607276806058754, guid: 1451599c40778f7429eb6d5db20946cc,
        type: 3}
      propertyPath: m_LocalPosition.x
      value: 0
      objectReference: {fileID: 0}
    - target: {fileID: 4482607276806058754, guid: 1451599c40778f7429eb6d5db20946cc,
        type: 3}
      propertyPath: m_LocalPosition.y
      value: 0
      objectReference: {fileID: 0}
    - target: {fileID: 4482607276806058754, guid: 1451599c40778f7429eb6d5db20946cc,
        type: 3}
      propertyPath: m_LocalPosition.z
      value: 103.57
      objectReference: {fileID: 0}
    - target: {fileID: 4482607276806058754, guid: 1451599c40778f7429eb6d5db20946cc,
        type: 3}
      propertyPath: m_LocalRotation.x
      value: -0
      objectReference: {fileID: 0}
    - target: {fileID: 4482607276806058754, guid: 1451599c40778f7429eb6d5db20946cc,
        type: 3}
      propertyPath: m_LocalRotation.y
      value: -0
      objectReference: {fileID: 0}
    - target: {fileID: 4482607276806058754, guid: 1451599c40778f7429eb6d5db20946cc,
        type: 3}
      propertyPath: m_LocalRotation.z
      value: -0
      objectReference: {fileID: 0}
    - target: {fileID: 4482607276806058754, guid: 1451599c40778f7429eb6d5db20946cc,
        type: 3}
      propertyPath: m_LocalRotation.w
      value: 1
      objectReference: {fileID: 0}
    - target: {fileID: 4482607276806058754, guid: 1451599c40778f7429eb6d5db20946cc,
        type: 3}
      propertyPath: m_RootOrder
      value: 22
      objectReference: {fileID: 0}
    - target: {fileID: 4482607276806058754, guid: 1451599c40778f7429eb6d5db20946cc,
        type: 3}
      propertyPath: m_LocalEulerAnglesHint.x
      value: 0
      objectReference: {fileID: 0}
    - target: {fileID: 4482607276806058754, guid: 1451599c40778f7429eb6d5db20946cc,
        type: 3}
      propertyPath: m_LocalEulerAnglesHint.y
      value: 0
      objectReference: {fileID: 0}
    - target: {fileID: 4482607276806058754, guid: 1451599c40778f7429eb6d5db20946cc,
        type: 3}
      propertyPath: m_LocalEulerAnglesHint.z
      value: 0
      objectReference: {fileID: 0}
    - target: {fileID: 5032388161689919956, guid: 1451599c40778f7429eb6d5db20946cc,
        type: 3}
      propertyPath: m_Size.z
      value: 0.08056116
      objectReference: {fileID: 0}
    - target: {fileID: 5032388161689919956, guid: 1451599c40778f7429eb6d5db20946cc,
        type: 3}
      propertyPath: m_Center.z
      value: 0.03575921
      objectReference: {fileID: 0}
    m_RemovedComponents: []
  m_SourcePrefab: {fileID: 100100000, guid: 1451599c40778f7429eb6d5db20946cc, type: 3}
--- !u!4 &6524831672555100525 stripped
Transform:
  m_CorrespondingSourceObject: {fileID: 4482607276806058754, guid: 1451599c40778f7429eb6d5db20946cc,
    type: 3}
  m_PrefabInstance: {fileID: 7258026095826856559}
  m_PrefabAsset: {fileID: 0}
--- !u!1001 &7258026095858448535
PrefabInstance:
  m_ObjectHideFlags: 0
  serializedVersion: 2
  m_Modification:
    m_TransformParent: {fileID: 7258026096177541715}
    m_Modifications:
    - target: {fileID: 3570986064402859421, guid: 1451599c40778f7429eb6d5db20946cc,
        type: 3}
      propertyPath: m_Name
      value: ObstacleHigh (13)
      objectReference: {fileID: 0}
    - target: {fileID: 4482607276806058754, guid: 1451599c40778f7429eb6d5db20946cc,
        type: 3}
      propertyPath: m_LocalPosition.x
      value: 0
      objectReference: {fileID: 0}
    - target: {fileID: 4482607276806058754, guid: 1451599c40778f7429eb6d5db20946cc,
        type: 3}
      propertyPath: m_LocalPosition.y
      value: 0
      objectReference: {fileID: 0}
    - target: {fileID: 4482607276806058754, guid: 1451599c40778f7429eb6d5db20946cc,
        type: 3}
      propertyPath: m_LocalPosition.z
      value: 104.82
      objectReference: {fileID: 0}
    - target: {fileID: 4482607276806058754, guid: 1451599c40778f7429eb6d5db20946cc,
        type: 3}
      propertyPath: m_LocalRotation.x
      value: -0
      objectReference: {fileID: 0}
    - target: {fileID: 4482607276806058754, guid: 1451599c40778f7429eb6d5db20946cc,
        type: 3}
      propertyPath: m_LocalRotation.y
      value: -0
      objectReference: {fileID: 0}
    - target: {fileID: 4482607276806058754, guid: 1451599c40778f7429eb6d5db20946cc,
        type: 3}
      propertyPath: m_LocalRotation.z
      value: -0
      objectReference: {fileID: 0}
    - target: {fileID: 4482607276806058754, guid: 1451599c40778f7429eb6d5db20946cc,
        type: 3}
      propertyPath: m_LocalRotation.w
      value: 1
      objectReference: {fileID: 0}
    - target: {fileID: 4482607276806058754, guid: 1451599c40778f7429eb6d5db20946cc,
        type: 3}
      propertyPath: m_RootOrder
      value: 23
      objectReference: {fileID: 0}
    - target: {fileID: 4482607276806058754, guid: 1451599c40778f7429eb6d5db20946cc,
        type: 3}
      propertyPath: m_LocalEulerAnglesHint.x
      value: 0
      objectReference: {fileID: 0}
    - target: {fileID: 4482607276806058754, guid: 1451599c40778f7429eb6d5db20946cc,
        type: 3}
      propertyPath: m_LocalEulerAnglesHint.y
      value: 0
      objectReference: {fileID: 0}
    - target: {fileID: 4482607276806058754, guid: 1451599c40778f7429eb6d5db20946cc,
        type: 3}
      propertyPath: m_LocalEulerAnglesHint.z
      value: 0
      objectReference: {fileID: 0}
    - target: {fileID: 5032388161689919956, guid: 1451599c40778f7429eb6d5db20946cc,
        type: 3}
      propertyPath: m_Size.z
      value: 0.08056116
      objectReference: {fileID: 0}
    - target: {fileID: 5032388161689919956, guid: 1451599c40778f7429eb6d5db20946cc,
        type: 3}
      propertyPath: m_Center.z
      value: 0.03575921
      objectReference: {fileID: 0}
    m_RemovedComponents: []
  m_SourcePrefab: {fileID: 100100000, guid: 1451599c40778f7429eb6d5db20946cc, type: 3}
--- !u!4 &6524831672585898901 stripped
Transform:
  m_CorrespondingSourceObject: {fileID: 4482607276806058754, guid: 1451599c40778f7429eb6d5db20946cc,
    type: 3}
  m_PrefabInstance: {fileID: 7258026095858448535}
  m_PrefabAsset: {fileID: 0}
--- !u!1001 &7258026096006970527
PrefabInstance:
  m_ObjectHideFlags: 0
  serializedVersion: 2
  m_Modification:
    m_TransformParent: {fileID: 7258026097577485080}
    m_Modifications:
    - target: {fileID: 100000, guid: e6f06d3d1b8ac334491a68778c0cbf96, type: 3}
      propertyPath: m_Name
      value: forward
      objectReference: {fileID: 0}
    - target: {fileID: 400000, guid: e6f06d3d1b8ac334491a68778c0cbf96, type: 3}
      propertyPath: m_LocalPosition.x
      value: 0
      objectReference: {fileID: 0}
    - target: {fileID: 400000, guid: e6f06d3d1b8ac334491a68778c0cbf96, type: 3}
      propertyPath: m_LocalPosition.y
      value: 0
      objectReference: {fileID: 0}
    - target: {fileID: 400000, guid: e6f06d3d1b8ac334491a68778c0cbf96, type: 3}
      propertyPath: m_LocalPosition.z
      value: 0
      objectReference: {fileID: 0}
    - target: {fileID: 400000, guid: e6f06d3d1b8ac334491a68778c0cbf96, type: 3}
      propertyPath: m_LocalRotation.x
      value: 0.00000011172407
      objectReference: {fileID: 0}
    - target: {fileID: 400000, guid: e6f06d3d1b8ac334491a68778c0cbf96, type: 3}
      propertyPath: m_LocalRotation.y
      value: 0.7071069
      objectReference: {fileID: 0}
    - target: {fileID: 400000, guid: e6f06d3d1b8ac334491a68778c0cbf96, type: 3}
      propertyPath: m_LocalRotation.z
      value: 0.70710677
      objectReference: {fileID: 0}
    - target: {fileID: 400000, guid: e6f06d3d1b8ac334491a68778c0cbf96, type: 3}
      propertyPath: m_LocalRotation.w
      value: -0.00000013411045
      objectReference: {fileID: 0}
    - target: {fileID: 400000, guid: e6f06d3d1b8ac334491a68778c0cbf96, type: 3}
      propertyPath: m_RootOrder
      value: 0
      objectReference: {fileID: 0}
    - target: {fileID: 400000, guid: e6f06d3d1b8ac334491a68778c0cbf96, type: 3}
      propertyPath: m_LocalEulerAnglesHint.x
      value: -90.00001
      objectReference: {fileID: 0}
    - target: {fileID: 400000, guid: e6f06d3d1b8ac334491a68778c0cbf96, type: 3}
      propertyPath: m_LocalEulerAnglesHint.y
      value: 0
      objectReference: {fileID: 0}
    - target: {fileID: 400000, guid: e6f06d3d1b8ac334491a68778c0cbf96, type: 3}
      propertyPath: m_LocalEulerAnglesHint.z
      value: 179.99998
      objectReference: {fileID: 0}
    - target: {fileID: 400000, guid: e6f06d3d1b8ac334491a68778c0cbf96, type: 3}
      propertyPath: m_LocalScale.y
      value: 61.663475
      objectReference: {fileID: 0}
    m_RemovedComponents: []
  m_SourcePrefab: {fileID: 100100000, guid: e6f06d3d1b8ac334491a68778c0cbf96, type: 3}
--- !u!1 &7258026096007002687 stripped
GameObject:
  m_CorrespondingSourceObject: {fileID: 100000, guid: e6f06d3d1b8ac334491a68778c0cbf96,
    type: 3}
  m_PrefabInstance: {fileID: 7258026096006970527}
  m_PrefabAsset: {fileID: 0}
--- !u!4 &7258026096007095839 stripped
Transform:
  m_CorrespondingSourceObject: {fileID: 400000, guid: e6f06d3d1b8ac334491a68778c0cbf96,
    type: 3}
  m_PrefabInstance: {fileID: 7258026096006970527}
  m_PrefabAsset: {fileID: 0}
--- !u!1001 &7258026096081288893
PrefabInstance:
  m_ObjectHideFlags: 0
  serializedVersion: 2
  m_Modification:
    m_TransformParent: {fileID: 7258026096177541715}
    m_Modifications:
    - target: {fileID: 3570986064402859421, guid: 1451599c40778f7429eb6d5db20946cc,
        type: 3}
      propertyPath: m_Name
      value: ObstacleHigh (9)
      objectReference: {fileID: 0}
    - target: {fileID: 4482607276806058754, guid: 1451599c40778f7429eb6d5db20946cc,
        type: 3}
      propertyPath: m_LocalPosition.x
      value: 0
      objectReference: {fileID: 0}
    - target: {fileID: 4482607276806058754, guid: 1451599c40778f7429eb6d5db20946cc,
        type: 3}
      propertyPath: m_LocalPosition.y
      value: 0
      objectReference: {fileID: 0}
    - target: {fileID: 4482607276806058754, guid: 1451599c40778f7429eb6d5db20946cc,
        type: 3}
      propertyPath: m_LocalPosition.z
      value: 68.37
      objectReference: {fileID: 0}
    - target: {fileID: 4482607276806058754, guid: 1451599c40778f7429eb6d5db20946cc,
        type: 3}
      propertyPath: m_LocalRotation.x
      value: -0
      objectReference: {fileID: 0}
    - target: {fileID: 4482607276806058754, guid: 1451599c40778f7429eb6d5db20946cc,
        type: 3}
      propertyPath: m_LocalRotation.y
      value: -0
      objectReference: {fileID: 0}
    - target: {fileID: 4482607276806058754, guid: 1451599c40778f7429eb6d5db20946cc,
        type: 3}
      propertyPath: m_LocalRotation.z
      value: -0
      objectReference: {fileID: 0}
    - target: {fileID: 4482607276806058754, guid: 1451599c40778f7429eb6d5db20946cc,
        type: 3}
      propertyPath: m_LocalRotation.w
      value: 1
      objectReference: {fileID: 0}
    - target: {fileID: 4482607276806058754, guid: 1451599c40778f7429eb6d5db20946cc,
        type: 3}
      propertyPath: m_RootOrder
      value: 15
      objectReference: {fileID: 0}
    - target: {fileID: 4482607276806058754, guid: 1451599c40778f7429eb6d5db20946cc,
        type: 3}
      propertyPath: m_LocalEulerAnglesHint.x
      value: 0
      objectReference: {fileID: 0}
    - target: {fileID: 4482607276806058754, guid: 1451599c40778f7429eb6d5db20946cc,
        type: 3}
      propertyPath: m_LocalEulerAnglesHint.y
      value: 0
      objectReference: {fileID: 0}
    - target: {fileID: 4482607276806058754, guid: 1451599c40778f7429eb6d5db20946cc,
        type: 3}
      propertyPath: m_LocalEulerAnglesHint.z
      value: 0
      objectReference: {fileID: 0}
    - target: {fileID: 5032388161689919956, guid: 1451599c40778f7429eb6d5db20946cc,
        type: 3}
      propertyPath: m_Size.z
      value: 0.08056116
      objectReference: {fileID: 0}
    - target: {fileID: 5032388161689919956, guid: 1451599c40778f7429eb6d5db20946cc,
        type: 3}
      propertyPath: m_Center.z
      value: 0.03575921
      objectReference: {fileID: 0}
    m_RemovedComponents: []
  m_SourcePrefab: {fileID: 100100000, guid: 1451599c40778f7429eb6d5db20946cc, type: 3}
--- !u!4 &6524831672774135231 stripped
Transform:
  m_CorrespondingSourceObject: {fileID: 4482607276806058754, guid: 1451599c40778f7429eb6d5db20946cc,
    type: 3}
  m_PrefabInstance: {fileID: 7258026096081288893}
  m_PrefabAsset: {fileID: 0}
--- !u!1001 &7258026096133252480
PrefabInstance:
  m_ObjectHideFlags: 0
  serializedVersion: 2
  m_Modification:
    m_TransformParent: {fileID: 7258026096177541715}
    m_Modifications:
    - target: {fileID: 3828571583341469889, guid: 12684da76d125604a9e6fb4f4e20d693,
        type: 3}
      propertyPath: m_Name
      value: ObstacleLow Variant (1)
      objectReference: {fileID: 0}
    - target: {fileID: 4222699576546055774, guid: 12684da76d125604a9e6fb4f4e20d693,
        type: 3}
      propertyPath: m_LocalPosition.x
      value: 0
      objectReference: {fileID: 0}
    - target: {fileID: 4222699576546055774, guid: 12684da76d125604a9e6fb4f4e20d693,
        type: 3}
      propertyPath: m_LocalPosition.y
      value: 0
      objectReference: {fileID: 0}
    - target: {fileID: 4222699576546055774, guid: 12684da76d125604a9e6fb4f4e20d693,
        type: 3}
      propertyPath: m_LocalPosition.z
      value: 39.03
      objectReference: {fileID: 0}
    - target: {fileID: 4222699576546055774, guid: 12684da76d125604a9e6fb4f4e20d693,
        type: 3}
      propertyPath: m_LocalRotation.x
      value: -0
      objectReference: {fileID: 0}
    - target: {fileID: 4222699576546055774, guid: 12684da76d125604a9e6fb4f4e20d693,
        type: 3}
      propertyPath: m_LocalRotation.y
      value: -0
      objectReference: {fileID: 0}
    - target: {fileID: 4222699576546055774, guid: 12684da76d125604a9e6fb4f4e20d693,
        type: 3}
      propertyPath: m_LocalRotation.z
      value: -0
      objectReference: {fileID: 0}
    - target: {fileID: 4222699576546055774, guid: 12684da76d125604a9e6fb4f4e20d693,
        type: 3}
      propertyPath: m_LocalRotation.w
      value: 1
      objectReference: {fileID: 0}
    - target: {fileID: 4222699576546055774, guid: 12684da76d125604a9e6fb4f4e20d693,
        type: 3}
      propertyPath: m_RootOrder
      value: 8
      objectReference: {fileID: 0}
    - target: {fileID: 4222699576546055774, guid: 12684da76d125604a9e6fb4f4e20d693,
        type: 3}
      propertyPath: m_LocalEulerAnglesHint.x
      value: 0
      objectReference: {fileID: 0}
    - target: {fileID: 4222699576546055774, guid: 12684da76d125604a9e6fb4f4e20d693,
        type: 3}
      propertyPath: m_LocalEulerAnglesHint.y
      value: 0
      objectReference: {fileID: 0}
    - target: {fileID: 4222699576546055774, guid: 12684da76d125604a9e6fb4f4e20d693,
        type: 3}
      propertyPath: m_LocalEulerAnglesHint.z
      value: 0
      objectReference: {fileID: 0}
    m_RemovedComponents: []
  m_SourcePrefab: {fileID: 100100000, guid: 12684da76d125604a9e6fb4f4e20d693, type: 3}
--- !u!4 &6783470676275753950 stripped
Transform:
  m_CorrespondingSourceObject: {fileID: 4222699576546055774, guid: 12684da76d125604a9e6fb4f4e20d693,
    type: 3}
  m_PrefabInstance: {fileID: 7258026096133252480}
  m_PrefabAsset: {fileID: 0}
--- !u!1001 &7258026096143103962
PrefabInstance:
  m_ObjectHideFlags: 0
  serializedVersion: 2
  m_Modification:
    m_TransformParent: {fileID: 7258026096177541715}
    m_Modifications:
    - target: {fileID: 2647143848772175624, guid: 1b3d2c8431207334989cdbad87318f23,
        type: 3}
      propertyPath: m_Name
      value: ObstacleMiddle Variant (1)
      objectReference: {fileID: 0}
    - target: {fileID: 3100535072003748247, guid: 1b3d2c8431207334989cdbad87318f23,
        type: 3}
      propertyPath: m_LocalPosition.x
      value: 0
      objectReference: {fileID: 0}
    - target: {fileID: 3100535072003748247, guid: 1b3d2c8431207334989cdbad87318f23,
        type: 3}
      propertyPath: m_LocalPosition.y
      value: 0
      objectReference: {fileID: 0}
    - target: {fileID: 3100535072003748247, guid: 1b3d2c8431207334989cdbad87318f23,
        type: 3}
      propertyPath: m_LocalPosition.z
      value: 34.25
      objectReference: {fileID: 0}
    - target: {fileID: 3100535072003748247, guid: 1b3d2c8431207334989cdbad87318f23,
        type: 3}
      propertyPath: m_LocalRotation.x
      value: -0
      objectReference: {fileID: 0}
    - target: {fileID: 3100535072003748247, guid: 1b3d2c8431207334989cdbad87318f23,
        type: 3}
      propertyPath: m_LocalRotation.y
      value: -0
      objectReference: {fileID: 0}
    - target: {fileID: 3100535072003748247, guid: 1b3d2c8431207334989cdbad87318f23,
        type: 3}
      propertyPath: m_LocalRotation.z
      value: -0
      objectReference: {fileID: 0}
    - target: {fileID: 3100535072003748247, guid: 1b3d2c8431207334989cdbad87318f23,
        type: 3}
      propertyPath: m_LocalRotation.w
      value: 1
      objectReference: {fileID: 0}
    - target: {fileID: 3100535072003748247, guid: 1b3d2c8431207334989cdbad87318f23,
        type: 3}
      propertyPath: m_RootOrder
      value: 7
      objectReference: {fileID: 0}
    - target: {fileID: 3100535072003748247, guid: 1b3d2c8431207334989cdbad87318f23,
        type: 3}
      propertyPath: m_LocalEulerAnglesHint.x
      value: 0
      objectReference: {fileID: 0}
    - target: {fileID: 3100535072003748247, guid: 1b3d2c8431207334989cdbad87318f23,
        type: 3}
      propertyPath: m_LocalEulerAnglesHint.y
      value: 0
      objectReference: {fileID: 0}
    - target: {fileID: 3100535072003748247, guid: 1b3d2c8431207334989cdbad87318f23,
        type: 3}
      propertyPath: m_LocalEulerAnglesHint.z
      value: 0
      objectReference: {fileID: 0}
    m_RemovedComponents: []
  m_SourcePrefab: {fileID: 100100000, guid: 1b3d2c8431207334989cdbad87318f23, type: 3}
--- !u!4 &5746277014452799053 stripped
Transform:
  m_CorrespondingSourceObject: {fileID: 3100535072003748247, guid: 1b3d2c8431207334989cdbad87318f23,
    type: 3}
  m_PrefabInstance: {fileID: 7258026096143103962}
  m_PrefabAsset: {fileID: 0}
--- !u!1001 &7258026096204559558
PrefabInstance:
  m_ObjectHideFlags: 0
  serializedVersion: 2
  m_Modification:
    m_TransformParent: {fileID: 7258026096177541715}
    m_Modifications:
    - target: {fileID: 3570986064402859421, guid: 1451599c40778f7429eb6d5db20946cc,
        type: 3}
      propertyPath: m_Name
      value: ObstacleHigh (10)
      objectReference: {fileID: 0}
    - target: {fileID: 4482607276806058754, guid: 1451599c40778f7429eb6d5db20946cc,
        type: 3}
      propertyPath: m_LocalPosition.x
      value: 0
      objectReference: {fileID: 0}
    - target: {fileID: 4482607276806058754, guid: 1451599c40778f7429eb6d5db20946cc,
        type: 3}
      propertyPath: m_LocalPosition.y
      value: 0
      objectReference: {fileID: 0}
    - target: {fileID: 4482607276806058754, guid: 1451599c40778f7429eb6d5db20946cc,
        type: 3}
      propertyPath: m_LocalPosition.z
      value: 102.270004
      objectReference: {fileID: 0}
    - target: {fileID: 4482607276806058754, guid: 1451599c40778f7429eb6d5db20946cc,
        type: 3}
      propertyPath: m_LocalRotation.x
      value: -0
      objectReference: {fileID: 0}
    - target: {fileID: 4482607276806058754, guid: 1451599c40778f7429eb6d5db20946cc,
        type: 3}
      propertyPath: m_LocalRotation.y
      value: -0
      objectReference: {fileID: 0}
    - target: {fileID: 4482607276806058754, guid: 1451599c40778f7429eb6d5db20946cc,
        type: 3}
      propertyPath: m_LocalRotation.z
      value: -0
      objectReference: {fileID: 0}
    - target: {fileID: 4482607276806058754, guid: 1451599c40778f7429eb6d5db20946cc,
        type: 3}
      propertyPath: m_LocalRotation.w
      value: 1
      objectReference: {fileID: 0}
    - target: {fileID: 4482607276806058754, guid: 1451599c40778f7429eb6d5db20946cc,
        type: 3}
      propertyPath: m_RootOrder
      value: 18
      objectReference: {fileID: 0}
    - target: {fileID: 4482607276806058754, guid: 1451599c40778f7429eb6d5db20946cc,
        type: 3}
      propertyPath: m_LocalEulerAnglesHint.x
      value: 0
      objectReference: {fileID: 0}
    - target: {fileID: 4482607276806058754, guid: 1451599c40778f7429eb6d5db20946cc,
        type: 3}
      propertyPath: m_LocalEulerAnglesHint.y
      value: 0
      objectReference: {fileID: 0}
    - target: {fileID: 4482607276806058754, guid: 1451599c40778f7429eb6d5db20946cc,
        type: 3}
      propertyPath: m_LocalEulerAnglesHint.z
      value: 0
      objectReference: {fileID: 0}
    - target: {fileID: 5032388161689919956, guid: 1451599c40778f7429eb6d5db20946cc,
        type: 3}
      propertyPath: m_Size.z
      value: 0.08056116
      objectReference: {fileID: 0}
    - target: {fileID: 5032388161689919956, guid: 1451599c40778f7429eb6d5db20946cc,
        type: 3}
      propertyPath: m_Center.z
      value: 0.03575921
      objectReference: {fileID: 0}
    m_RemovedComponents: []
  m_SourcePrefab: {fileID: 100100000, guid: 1451599c40778f7429eb6d5db20946cc, type: 3}
--- !u!4 &6524831672915101636 stripped
Transform:
  m_CorrespondingSourceObject: {fileID: 4482607276806058754, guid: 1451599c40778f7429eb6d5db20946cc,
    type: 3}
  m_PrefabInstance: {fileID: 7258026096204559558}
  m_PrefabAsset: {fileID: 0}
--- !u!1001 &7258026096238350363
PrefabInstance:
  m_ObjectHideFlags: 0
  serializedVersion: 2
  m_Modification:
    m_TransformParent: {fileID: 7258026096177541715}
    m_Modifications:
    - target: {fileID: 2647143848772175624, guid: 1b3d2c8431207334989cdbad87318f23,
        type: 3}
      propertyPath: m_Name
      value: ObstacleMiddle Variant (3)
      objectReference: {fileID: 0}
    - target: {fileID: 3100535072003748247, guid: 1b3d2c8431207334989cdbad87318f23,
        type: 3}
      propertyPath: m_LocalPosition.x
      value: 0
      objectReference: {fileID: 0}
    - target: {fileID: 3100535072003748247, guid: 1b3d2c8431207334989cdbad87318f23,
        type: 3}
      propertyPath: m_LocalPosition.y
      value: 0
      objectReference: {fileID: 0}
    - target: {fileID: 3100535072003748247, guid: 1b3d2c8431207334989cdbad87318f23,
        type: 3}
      propertyPath: m_LocalPosition.z
      value: 73.520004
      objectReference: {fileID: 0}
    - target: {fileID: 3100535072003748247, guid: 1b3d2c8431207334989cdbad87318f23,
        type: 3}
      propertyPath: m_LocalRotation.x
      value: -0
      objectReference: {fileID: 0}
    - target: {fileID: 3100535072003748247, guid: 1b3d2c8431207334989cdbad87318f23,
        type: 3}
      propertyPath: m_LocalRotation.y
      value: -0
      objectReference: {fileID: 0}
    - target: {fileID: 3100535072003748247, guid: 1b3d2c8431207334989cdbad87318f23,
        type: 3}
      propertyPath: m_LocalRotation.z
      value: -0
      objectReference: {fileID: 0}
    - target: {fileID: 3100535072003748247, guid: 1b3d2c8431207334989cdbad87318f23,
        type: 3}
      propertyPath: m_LocalRotation.w
      value: 1
      objectReference: {fileID: 0}
    - target: {fileID: 3100535072003748247, guid: 1b3d2c8431207334989cdbad87318f23,
        type: 3}
      propertyPath: m_RootOrder
      value: 16
      objectReference: {fileID: 0}
    - target: {fileID: 3100535072003748247, guid: 1b3d2c8431207334989cdbad87318f23,
        type: 3}
      propertyPath: m_LocalEulerAnglesHint.x
      value: 0
      objectReference: {fileID: 0}
    - target: {fileID: 3100535072003748247, guid: 1b3d2c8431207334989cdbad87318f23,
        type: 3}
      propertyPath: m_LocalEulerAnglesHint.y
      value: 0
      objectReference: {fileID: 0}
    - target: {fileID: 3100535072003748247, guid: 1b3d2c8431207334989cdbad87318f23,
        type: 3}
      propertyPath: m_LocalEulerAnglesHint.z
      value: 0
      objectReference: {fileID: 0}
    m_RemovedComponents: []
  m_SourcePrefab: {fileID: 100100000, guid: 1b3d2c8431207334989cdbad87318f23, type: 3}
--- !u!4 &5746277014271238540 stripped
Transform:
  m_CorrespondingSourceObject: {fileID: 3100535072003748247, guid: 1b3d2c8431207334989cdbad87318f23,
    type: 3}
  m_PrefabInstance: {fileID: 7258026096238350363}
  m_PrefabAsset: {fileID: 0}
--- !u!1001 &7258026096288783103
PrefabInstance:
  m_ObjectHideFlags: 0
  serializedVersion: 2
  m_Modification:
    m_TransformParent: {fileID: 7258026096177541715}
    m_Modifications:
    - target: {fileID: 3570986064402859421, guid: 1451599c40778f7429eb6d5db20946cc,
        type: 3}
      propertyPath: m_Name
      value: ObstacleHigh (2)
      objectReference: {fileID: 0}
    - target: {fileID: 4482607276806058754, guid: 1451599c40778f7429eb6d5db20946cc,
        type: 3}
      propertyPath: m_LocalPosition.x
      value: 0
      objectReference: {fileID: 0}
    - target: {fileID: 4482607276806058754, guid: 1451599c40778f7429eb6d5db20946cc,
        type: 3}
      propertyPath: m_LocalPosition.y
      value: 0
      objectReference: {fileID: 0}
    - target: {fileID: 4482607276806058754, guid: 1451599c40778f7429eb6d5db20946cc,
        type: 3}
      propertyPath: m_LocalPosition.z
      value: 26.74
      objectReference: {fileID: 0}
    - target: {fileID: 4482607276806058754, guid: 1451599c40778f7429eb6d5db20946cc,
        type: 3}
      propertyPath: m_LocalRotation.x
      value: -0
      objectReference: {fileID: 0}
    - target: {fileID: 4482607276806058754, guid: 1451599c40778f7429eb6d5db20946cc,
        type: 3}
      propertyPath: m_LocalRotation.y
      value: -0
      objectReference: {fileID: 0}
    - target: {fileID: 4482607276806058754, guid: 1451599c40778f7429eb6d5db20946cc,
        type: 3}
      propertyPath: m_LocalRotation.z
      value: -0
      objectReference: {fileID: 0}
    - target: {fileID: 4482607276806058754, guid: 1451599c40778f7429eb6d5db20946cc,
        type: 3}
      propertyPath: m_LocalRotation.w
      value: 1
      objectReference: {fileID: 0}
    - target: {fileID: 4482607276806058754, guid: 1451599c40778f7429eb6d5db20946cc,
        type: 3}
      propertyPath: m_RootOrder
      value: 4
      objectReference: {fileID: 0}
    - target: {fileID: 4482607276806058754, guid: 1451599c40778f7429eb6d5db20946cc,
        type: 3}
      propertyPath: m_LocalEulerAnglesHint.x
      value: 0
      objectReference: {fileID: 0}
    - target: {fileID: 4482607276806058754, guid: 1451599c40778f7429eb6d5db20946cc,
        type: 3}
      propertyPath: m_LocalEulerAnglesHint.y
      value: 0
      objectReference: {fileID: 0}
    - target: {fileID: 4482607276806058754, guid: 1451599c40778f7429eb6d5db20946cc,
        type: 3}
      propertyPath: m_LocalEulerAnglesHint.z
      value: 0
      objectReference: {fileID: 0}
    - target: {fileID: 5032388161689919956, guid: 1451599c40778f7429eb6d5db20946cc,
        type: 3}
      propertyPath: m_Size.z
      value: 0.08056116
      objectReference: {fileID: 0}
    - target: {fileID: 5032388161689919956, guid: 1451599c40778f7429eb6d5db20946cc,
        type: 3}
      propertyPath: m_Center.z
      value: 0.03575921
      objectReference: {fileID: 0}
    m_RemovedComponents: []
  m_SourcePrefab: {fileID: 100100000, guid: 1451599c40778f7429eb6d5db20946cc, type: 3}
--- !u!4 &6524831672965655037 stripped
Transform:
  m_CorrespondingSourceObject: {fileID: 4482607276806058754, guid: 1451599c40778f7429eb6d5db20946cc,
    type: 3}
  m_PrefabInstance: {fileID: 7258026096288783103}
  m_PrefabAsset: {fileID: 0}
--- !u!1001 &7258026096526986123
PrefabInstance:
  m_ObjectHideFlags: 0
  serializedVersion: 2
  m_Modification:
    m_TransformParent: {fileID: 7258026096177541715}
    m_Modifications:
    - target: {fileID: 3570986064402859421, guid: 1451599c40778f7429eb6d5db20946cc,
        type: 3}
      propertyPath: m_Name
      value: ObstacleHigh (3)
      objectReference: {fileID: 0}
    - target: {fileID: 4482607276806058754, guid: 1451599c40778f7429eb6d5db20946cc,
        type: 3}
      propertyPath: m_LocalPosition.x
      value: 0
      objectReference: {fileID: 0}
    - target: {fileID: 4482607276806058754, guid: 1451599c40778f7429eb6d5db20946cc,
        type: 3}
      propertyPath: m_LocalPosition.y
      value: 0
      objectReference: {fileID: 0}
    - target: {fileID: 4482607276806058754, guid: 1451599c40778f7429eb6d5db20946cc,
        type: 3}
      propertyPath: m_LocalPosition.z
      value: 27.99
      objectReference: {fileID: 0}
    - target: {fileID: 4482607276806058754, guid: 1451599c40778f7429eb6d5db20946cc,
        type: 3}
      propertyPath: m_LocalRotation.x
      value: -0
      objectReference: {fileID: 0}
    - target: {fileID: 4482607276806058754, guid: 1451599c40778f7429eb6d5db20946cc,
        type: 3}
      propertyPath: m_LocalRotation.y
      value: -0
      objectReference: {fileID: 0}
    - target: {fileID: 4482607276806058754, guid: 1451599c40778f7429eb6d5db20946cc,
        type: 3}
      propertyPath: m_LocalRotation.z
      value: -0
      objectReference: {fileID: 0}
    - target: {fileID: 4482607276806058754, guid: 1451599c40778f7429eb6d5db20946cc,
        type: 3}
      propertyPath: m_LocalRotation.w
      value: 1
      objectReference: {fileID: 0}
    - target: {fileID: 4482607276806058754, guid: 1451599c40778f7429eb6d5db20946cc,
        type: 3}
      propertyPath: m_RootOrder
      value: 5
      objectReference: {fileID: 0}
    - target: {fileID: 4482607276806058754, guid: 1451599c40778f7429eb6d5db20946cc,
        type: 3}
      propertyPath: m_LocalEulerAnglesHint.x
      value: 0
      objectReference: {fileID: 0}
    - target: {fileID: 4482607276806058754, guid: 1451599c40778f7429eb6d5db20946cc,
        type: 3}
      propertyPath: m_LocalEulerAnglesHint.y
      value: 0
      objectReference: {fileID: 0}
    - target: {fileID: 4482607276806058754, guid: 1451599c40778f7429eb6d5db20946cc,
        type: 3}
      propertyPath: m_LocalEulerAnglesHint.z
      value: 0
      objectReference: {fileID: 0}
    - target: {fileID: 5032388161689919956, guid: 1451599c40778f7429eb6d5db20946cc,
        type: 3}
      propertyPath: m_Size.z
      value: 0.08056116
      objectReference: {fileID: 0}
    - target: {fileID: 5032388161689919956, guid: 1451599c40778f7429eb6d5db20946cc,
        type: 3}
      propertyPath: m_Center.z
      value: 0.03575921
      objectReference: {fileID: 0}
    m_RemovedComponents: []
  m_SourcePrefab: {fileID: 100100000, guid: 1451599c40778f7429eb6d5db20946cc, type: 3}
--- !u!4 &6524831673255377033 stripped
Transform:
  m_CorrespondingSourceObject: {fileID: 4482607276806058754, guid: 1451599c40778f7429eb6d5db20946cc,
    type: 3}
  m_PrefabInstance: {fileID: 7258026096526986123}
  m_PrefabAsset: {fileID: 0}
--- !u!1001 &7258026096584807581
PrefabInstance:
  m_ObjectHideFlags: 0
  serializedVersion: 2
  m_Modification:
    m_TransformParent: {fileID: 7258026096177541715}
    m_Modifications:
    - target: {fileID: 3570986064402859421, guid: 1451599c40778f7429eb6d5db20946cc,
        type: 3}
      propertyPath: m_Name
      value: ObstacleHigh (1)
      objectReference: {fileID: 0}
    - target: {fileID: 4482607276806058754, guid: 1451599c40778f7429eb6d5db20946cc,
        type: 3}
      propertyPath: m_LocalPosition.x
      value: 0
      objectReference: {fileID: 0}
    - target: {fileID: 4482607276806058754, guid: 1451599c40778f7429eb6d5db20946cc,
        type: 3}
      propertyPath: m_LocalPosition.y
      value: 0
      objectReference: {fileID: 0}
    - target: {fileID: 4482607276806058754, guid: 1451599c40778f7429eb6d5db20946cc,
        type: 3}
      propertyPath: m_LocalPosition.z
      value: 25.44
      objectReference: {fileID: 0}
    - target: {fileID: 4482607276806058754, guid: 1451599c40778f7429eb6d5db20946cc,
        type: 3}
      propertyPath: m_LocalRotation.x
      value: -0
      objectReference: {fileID: 0}
    - target: {fileID: 4482607276806058754, guid: 1451599c40778f7429eb6d5db20946cc,
        type: 3}
      propertyPath: m_LocalRotation.y
      value: -0
      objectReference: {fileID: 0}
    - target: {fileID: 4482607276806058754, guid: 1451599c40778f7429eb6d5db20946cc,
        type: 3}
      propertyPath: m_LocalRotation.z
      value: -0
      objectReference: {fileID: 0}
    - target: {fileID: 4482607276806058754, guid: 1451599c40778f7429eb6d5db20946cc,
        type: 3}
      propertyPath: m_LocalRotation.w
      value: 1
      objectReference: {fileID: 0}
    - target: {fileID: 4482607276806058754, guid: 1451599c40778f7429eb6d5db20946cc,
        type: 3}
      propertyPath: m_RootOrder
      value: 3
      objectReference: {fileID: 0}
    - target: {fileID: 4482607276806058754, guid: 1451599c40778f7429eb6d5db20946cc,
        type: 3}
      propertyPath: m_LocalEulerAnglesHint.x
      value: 0
      objectReference: {fileID: 0}
    - target: {fileID: 4482607276806058754, guid: 1451599c40778f7429eb6d5db20946cc,
        type: 3}
      propertyPath: m_LocalEulerAnglesHint.y
      value: 0
      objectReference: {fileID: 0}
    - target: {fileID: 4482607276806058754, guid: 1451599c40778f7429eb6d5db20946cc,
        type: 3}
      propertyPath: m_LocalEulerAnglesHint.z
      value: 0
      objectReference: {fileID: 0}
    - target: {fileID: 5032388161689919956, guid: 1451599c40778f7429eb6d5db20946cc,
        type: 3}
      propertyPath: m_Size.z
      value: 0.08056116
      objectReference: {fileID: 0}
    - target: {fileID: 5032388161689919956, guid: 1451599c40778f7429eb6d5db20946cc,
        type: 3}
      propertyPath: m_Center.z
      value: 0.03575921
      objectReference: {fileID: 0}
    m_RemovedComponents: []
  m_SourcePrefab: {fileID: 100100000, guid: 1451599c40778f7429eb6d5db20946cc, type: 3}
--- !u!4 &6524831673277278111 stripped
Transform:
  m_CorrespondingSourceObject: {fileID: 4482607276806058754, guid: 1451599c40778f7429eb6d5db20946cc,
    type: 3}
  m_PrefabInstance: {fileID: 7258026096584807581}
  m_PrefabAsset: {fileID: 0}
--- !u!1001 &7258026096685275900
PrefabInstance:
  m_ObjectHideFlags: 0
  serializedVersion: 2
  m_Modification:
    m_TransformParent: {fileID: 7258026096177541715}
    m_Modifications:
    - target: {fileID: 2647143848772175624, guid: 1b3d2c8431207334989cdbad87318f23,
        type: 3}
      propertyPath: m_Name
      value: ObstacleMiddle Variant (4)
      objectReference: {fileID: 0}
    - target: {fileID: 3100535072003748247, guid: 1b3d2c8431207334989cdbad87318f23,
        type: 3}
      propertyPath: m_LocalPosition.x
      value: 0
      objectReference: {fileID: 0}
    - target: {fileID: 3100535072003748247, guid: 1b3d2c8431207334989cdbad87318f23,
        type: 3}
      propertyPath: m_LocalPosition.y
      value: 0
      objectReference: {fileID: 0}
    - target: {fileID: 3100535072003748247, guid: 1b3d2c8431207334989cdbad87318f23,
        type: 3}
      propertyPath: m_LocalPosition.z
      value: 90.91
      objectReference: {fileID: 0}
    - target: {fileID: 3100535072003748247, guid: 1b3d2c8431207334989cdbad87318f23,
        type: 3}
      propertyPath: m_LocalRotation.x
      value: -0
      objectReference: {fileID: 0}
    - target: {fileID: 3100535072003748247, guid: 1b3d2c8431207334989cdbad87318f23,
        type: 3}
      propertyPath: m_LocalRotation.y
      value: -0
      objectReference: {fileID: 0}
    - target: {fileID: 3100535072003748247, guid: 1b3d2c8431207334989cdbad87318f23,
        type: 3}
      propertyPath: m_LocalRotation.z
      value: -0
      objectReference: {fileID: 0}
    - target: {fileID: 3100535072003748247, guid: 1b3d2c8431207334989cdbad87318f23,
        type: 3}
      propertyPath: m_LocalRotation.w
      value: 1
      objectReference: {fileID: 0}
    - target: {fileID: 3100535072003748247, guid: 1b3d2c8431207334989cdbad87318f23,
        type: 3}
      propertyPath: m_RootOrder
      value: 19
      objectReference: {fileID: 0}
    - target: {fileID: 3100535072003748247, guid: 1b3d2c8431207334989cdbad87318f23,
        type: 3}
      propertyPath: m_LocalEulerAnglesHint.x
      value: 0
      objectReference: {fileID: 0}
    - target: {fileID: 3100535072003748247, guid: 1b3d2c8431207334989cdbad87318f23,
        type: 3}
      propertyPath: m_LocalEulerAnglesHint.y
      value: 0
      objectReference: {fileID: 0}
    - target: {fileID: 3100535072003748247, guid: 1b3d2c8431207334989cdbad87318f23,
        type: 3}
      propertyPath: m_LocalEulerAnglesHint.z
      value: 0
      objectReference: {fileID: 0}
    m_RemovedComponents: []
  m_SourcePrefab: {fileID: 100100000, guid: 1b3d2c8431207334989cdbad87318f23, type: 3}
--- !u!4 &5746277013910236011 stripped
Transform:
  m_CorrespondingSourceObject: {fileID: 3100535072003748247, guid: 1b3d2c8431207334989cdbad87318f23,
    type: 3}
  m_PrefabInstance: {fileID: 7258026096685275900}
  m_PrefabAsset: {fileID: 0}
--- !u!1001 &7258026096793017534
PrefabInstance:
  m_ObjectHideFlags: 0
  serializedVersion: 2
  m_Modification:
    m_TransformParent: {fileID: 7258026096177541715}
    m_Modifications:
    - target: {fileID: 3828571583341469889, guid: 12684da76d125604a9e6fb4f4e20d693,
        type: 3}
      propertyPath: m_Name
      value: ObstacleLow Variant (2)
      objectReference: {fileID: 0}
    - target: {fileID: 4222699576546055774, guid: 12684da76d125604a9e6fb4f4e20d693,
        type: 3}
      propertyPath: m_LocalPosition.x
      value: 0
      objectReference: {fileID: 0}
    - target: {fileID: 4222699576546055774, guid: 12684da76d125604a9e6fb4f4e20d693,
        type: 3}
      propertyPath: m_LocalPosition.y
      value: 0
      objectReference: {fileID: 0}
    - target: {fileID: 4222699576546055774, guid: 12684da76d125604a9e6fb4f4e20d693,
        type: 3}
      propertyPath: m_LocalPosition.z
      value: 59.33
      objectReference: {fileID: 0}
    - target: {fileID: 4222699576546055774, guid: 12684da76d125604a9e6fb4f4e20d693,
        type: 3}
      propertyPath: m_LocalRotation.x
      value: -0
      objectReference: {fileID: 0}
    - target: {fileID: 4222699576546055774, guid: 12684da76d125604a9e6fb4f4e20d693,
        type: 3}
      propertyPath: m_LocalRotation.y
      value: -0
      objectReference: {fileID: 0}
    - target: {fileID: 4222699576546055774, guid: 12684da76d125604a9e6fb4f4e20d693,
        type: 3}
      propertyPath: m_LocalRotation.z
      value: -0
      objectReference: {fileID: 0}
    - target: {fileID: 4222699576546055774, guid: 12684da76d125604a9e6fb4f4e20d693,
        type: 3}
      propertyPath: m_LocalRotation.w
      value: 1
      objectReference: {fileID: 0}
    - target: {fileID: 4222699576546055774, guid: 12684da76d125604a9e6fb4f4e20d693,
        type: 3}
      propertyPath: m_RootOrder
      value: 11
      objectReference: {fileID: 0}
    - target: {fileID: 4222699576546055774, guid: 12684da76d125604a9e6fb4f4e20d693,
        type: 3}
      propertyPath: m_LocalEulerAnglesHint.x
      value: 0
      objectReference: {fileID: 0}
    - target: {fileID: 4222699576546055774, guid: 12684da76d125604a9e6fb4f4e20d693,
        type: 3}
      propertyPath: m_LocalEulerAnglesHint.y
      value: 0
      objectReference: {fileID: 0}
    - target: {fileID: 4222699576546055774, guid: 12684da76d125604a9e6fb4f4e20d693,
        type: 3}
      propertyPath: m_LocalEulerAnglesHint.z
      value: 0
      objectReference: {fileID: 0}
    m_RemovedComponents: []
  m_SourcePrefab: {fileID: 100100000, guid: 12684da76d125604a9e6fb4f4e20d693, type: 3}
--- !u!4 &6783470675557649120 stripped
Transform:
  m_CorrespondingSourceObject: {fileID: 4222699576546055774, guid: 12684da76d125604a9e6fb4f4e20d693,
    type: 3}
  m_PrefabInstance: {fileID: 7258026096793017534}
  m_PrefabAsset: {fileID: 0}
--- !u!1001 &7258026096842779274
PrefabInstance:
  m_ObjectHideFlags: 0
  serializedVersion: 2
  m_Modification:
    m_TransformParent: {fileID: 7258026096177541715}
    m_Modifications:
    - target: {fileID: 3828571583341469889, guid: 12684da76d125604a9e6fb4f4e20d693,
        type: 3}
      propertyPath: m_Name
      value: ObstacleLow Variant (3)
      objectReference: {fileID: 0}
    - target: {fileID: 4222699576546055774, guid: 12684da76d125604a9e6fb4f4e20d693,
        type: 3}
      propertyPath: m_LocalPosition.x
      value: 0
      objectReference: {fileID: 0}
    - target: {fileID: 4222699576546055774, guid: 12684da76d125604a9e6fb4f4e20d693,
        type: 3}
      propertyPath: m_LocalPosition.y
      value: 0
      objectReference: {fileID: 0}
    - target: {fileID: 4222699576546055774, guid: 12684da76d125604a9e6fb4f4e20d693,
        type: 3}
      propertyPath: m_LocalPosition.z
      value: 78.3
      objectReference: {fileID: 0}
    - target: {fileID: 4222699576546055774, guid: 12684da76d125604a9e6fb4f4e20d693,
        type: 3}
      propertyPath: m_LocalRotation.x
      value: -0
      objectReference: {fileID: 0}
    - target: {fileID: 4222699576546055774, guid: 12684da76d125604a9e6fb4f4e20d693,
        type: 3}
      propertyPath: m_LocalRotation.y
      value: -0
      objectReference: {fileID: 0}
    - target: {fileID: 4222699576546055774, guid: 12684da76d125604a9e6fb4f4e20d693,
        type: 3}
      propertyPath: m_LocalRotation.z
      value: -0
      objectReference: {fileID: 0}
    - target: {fileID: 4222699576546055774, guid: 12684da76d125604a9e6fb4f4e20d693,
        type: 3}
      propertyPath: m_LocalRotation.w
      value: 1
      objectReference: {fileID: 0}
    - target: {fileID: 4222699576546055774, guid: 12684da76d125604a9e6fb4f4e20d693,
        type: 3}
      propertyPath: m_RootOrder
      value: 17
      objectReference: {fileID: 0}
    - target: {fileID: 4222699576546055774, guid: 12684da76d125604a9e6fb4f4e20d693,
        type: 3}
      propertyPath: m_LocalEulerAnglesHint.x
      value: 0
      objectReference: {fileID: 0}
    - target: {fileID: 4222699576546055774, guid: 12684da76d125604a9e6fb4f4e20d693,
        type: 3}
      propertyPath: m_LocalEulerAnglesHint.y
      value: 0
      objectReference: {fileID: 0}
    - target: {fileID: 4222699576546055774, guid: 12684da76d125604a9e6fb4f4e20d693,
        type: 3}
      propertyPath: m_LocalEulerAnglesHint.z
      value: 0
      objectReference: {fileID: 0}
    m_RemovedComponents: []
  m_SourcePrefab: {fileID: 100100000, guid: 12684da76d125604a9e6fb4f4e20d693, type: 3}
--- !u!4 &6783470675507838164 stripped
Transform:
  m_CorrespondingSourceObject: {fileID: 4222699576546055774, guid: 12684da76d125604a9e6fb4f4e20d693,
    type: 3}
  m_PrefabInstance: {fileID: 7258026096842779274}
  m_PrefabAsset: {fileID: 0}
--- !u!1001 &7258026096947316731
PrefabInstance:
  m_ObjectHideFlags: 0
  serializedVersion: 2
  m_Modification:
    m_TransformParent: {fileID: 7258026096177541715}
    m_Modifications:
    - target: {fileID: 3570986064402859421, guid: 1451599c40778f7429eb6d5db20946cc,
        type: 3}
      propertyPath: m_Name
      value: ObstacleHigh (11)
      objectReference: {fileID: 0}
    - target: {fileID: 4482607276806058754, guid: 1451599c40778f7429eb6d5db20946cc,
        type: 3}
      propertyPath: m_LocalPosition.x
      value: 0
      objectReference: {fileID: 0}
    - target: {fileID: 4482607276806058754, guid: 1451599c40778f7429eb6d5db20946cc,
        type: 3}
      propertyPath: m_LocalPosition.y
      value: 0
      objectReference: {fileID: 0}
    - target: {fileID: 4482607276806058754, guid: 1451599c40778f7429eb6d5db20946cc,
        type: 3}
      propertyPath: m_LocalPosition.z
      value: 84.69
      objectReference: {fileID: 0}
    - target: {fileID: 4482607276806058754, guid: 1451599c40778f7429eb6d5db20946cc,
        type: 3}
      propertyPath: m_LocalRotation.x
      value: -0
      objectReference: {fileID: 0}
    - target: {fileID: 4482607276806058754, guid: 1451599c40778f7429eb6d5db20946cc,
        type: 3}
      propertyPath: m_LocalRotation.y
      value: -0
      objectReference: {fileID: 0}
    - target: {fileID: 4482607276806058754, guid: 1451599c40778f7429eb6d5db20946cc,
        type: 3}
      propertyPath: m_LocalRotation.z
      value: -0
      objectReference: {fileID: 0}
    - target: {fileID: 4482607276806058754, guid: 1451599c40778f7429eb6d5db20946cc,
        type: 3}
      propertyPath: m_LocalRotation.w
      value: 1
      objectReference: {fileID: 0}
    - target: {fileID: 4482607276806058754, guid: 1451599c40778f7429eb6d5db20946cc,
        type: 3}
      propertyPath: m_RootOrder
      value: 21
      objectReference: {fileID: 0}
    - target: {fileID: 4482607276806058754, guid: 1451599c40778f7429eb6d5db20946cc,
        type: 3}
      propertyPath: m_LocalEulerAnglesHint.x
      value: 0
      objectReference: {fileID: 0}
    - target: {fileID: 4482607276806058754, guid: 1451599c40778f7429eb6d5db20946cc,
        type: 3}
      propertyPath: m_LocalEulerAnglesHint.y
      value: 0
      objectReference: {fileID: 0}
    - target: {fileID: 4482607276806058754, guid: 1451599c40778f7429eb6d5db20946cc,
        type: 3}
      propertyPath: m_LocalEulerAnglesHint.z
      value: 0
      objectReference: {fileID: 0}
    - target: {fileID: 5032388161689919956, guid: 1451599c40778f7429eb6d5db20946cc,
        type: 3}
      propertyPath: m_Size.z
      value: 0.08056116
      objectReference: {fileID: 0}
    - target: {fileID: 5032388161689919956, guid: 1451599c40778f7429eb6d5db20946cc,
        type: 3}
      propertyPath: m_Center.z
      value: 0.03575921
      objectReference: {fileID: 0}
    m_RemovedComponents: []
  m_SourcePrefab: {fileID: 100100000, guid: 1451599c40778f7429eb6d5db20946cc, type: 3}
--- !u!4 &6524831673640842489 stripped
Transform:
  m_CorrespondingSourceObject: {fileID: 4482607276806058754, guid: 1451599c40778f7429eb6d5db20946cc,
    type: 3}
  m_PrefabInstance: {fileID: 7258026096947316731}
  m_PrefabAsset: {fileID: 0}
--- !u!1001 &7258026097024748321
PrefabInstance:
  m_ObjectHideFlags: 0
  serializedVersion: 2
  m_Modification:
    m_TransformParent: {fileID: 7258026096177541715}
    m_Modifications:
    - target: {fileID: 3570986064402859421, guid: 1451599c40778f7429eb6d5db20946cc,
        type: 3}
      propertyPath: m_Name
      value: ObstacleHigh (14)
      objectReference: {fileID: 0}
    - target: {fileID: 4482607276806058754, guid: 1451599c40778f7429eb6d5db20946cc,
        type: 3}
      propertyPath: m_LocalPosition.x
      value: 0
      objectReference: {fileID: 0}
    - target: {fileID: 4482607276806058754, guid: 1451599c40778f7429eb6d5db20946cc,
        type: 3}
      propertyPath: m_LocalPosition.y
      value: 0
      objectReference: {fileID: 0}
    - target: {fileID: 4482607276806058754, guid: 1451599c40778f7429eb6d5db20946cc,
        type: 3}
      propertyPath: m_LocalPosition.z
      value: 105.93
      objectReference: {fileID: 0}
    - target: {fileID: 4482607276806058754, guid: 1451599c40778f7429eb6d5db20946cc,
        type: 3}
      propertyPath: m_LocalRotation.x
      value: -0
      objectReference: {fileID: 0}
    - target: {fileID: 4482607276806058754, guid: 1451599c40778f7429eb6d5db20946cc,
        type: 3}
      propertyPath: m_LocalRotation.y
      value: -0
      objectReference: {fileID: 0}
    - target: {fileID: 4482607276806058754, guid: 1451599c40778f7429eb6d5db20946cc,
        type: 3}
      propertyPath: m_LocalRotation.z
      value: -0
      objectReference: {fileID: 0}
    - target: {fileID: 4482607276806058754, guid: 1451599c40778f7429eb6d5db20946cc,
        type: 3}
      propertyPath: m_LocalRotation.w
      value: 1
      objectReference: {fileID: 0}
    - target: {fileID: 4482607276806058754, guid: 1451599c40778f7429eb6d5db20946cc,
        type: 3}
      propertyPath: m_RootOrder
      value: 24
      objectReference: {fileID: 0}
    - target: {fileID: 4482607276806058754, guid: 1451599c40778f7429eb6d5db20946cc,
        type: 3}
      propertyPath: m_LocalEulerAnglesHint.x
      value: 0
      objectReference: {fileID: 0}
    - target: {fileID: 4482607276806058754, guid: 1451599c40778f7429eb6d5db20946cc,
        type: 3}
      propertyPath: m_LocalEulerAnglesHint.y
      value: 0
      objectReference: {fileID: 0}
    - target: {fileID: 4482607276806058754, guid: 1451599c40778f7429eb6d5db20946cc,
        type: 3}
      propertyPath: m_LocalEulerAnglesHint.z
      value: 0
      objectReference: {fileID: 0}
    - target: {fileID: 5032388161689919956, guid: 1451599c40778f7429eb6d5db20946cc,
        type: 3}
      propertyPath: m_Size.z
      value: 0.08056116
      objectReference: {fileID: 0}
    - target: {fileID: 5032388161689919956, guid: 1451599c40778f7429eb6d5db20946cc,
        type: 3}
      propertyPath: m_Center.z
      value: 0.03575921
      objectReference: {fileID: 0}
    m_RemovedComponents: []
  m_SourcePrefab: {fileID: 100100000, guid: 1451599c40778f7429eb6d5db20946cc, type: 3}
--- !u!4 &6524831673701890083 stripped
Transform:
  m_CorrespondingSourceObject: {fileID: 4482607276806058754, guid: 1451599c40778f7429eb6d5db20946cc,
    type: 3}
  m_PrefabInstance: {fileID: 7258026097024748321}
  m_PrefabAsset: {fileID: 0}
--- !u!1001 &7258026097060392508
PrefabInstance:
  m_ObjectHideFlags: 0
  serializedVersion: 2
  m_Modification:
    m_TransformParent: {fileID: 7258026096177541715}
    m_Modifications:
    - target: {fileID: 2647143848772175624, guid: 1b3d2c8431207334989cdbad87318f23,
        type: 3}
      propertyPath: m_Name
      value: ObstacleMiddle Variant
      objectReference: {fileID: 0}
    - target: {fileID: 3100535072003748247, guid: 1b3d2c8431207334989cdbad87318f23,
        type: 3}
      propertyPath: m_LocalPosition.x
      value: 0
      objectReference: {fileID: 0}
    - target: {fileID: 3100535072003748247, guid: 1b3d2c8431207334989cdbad87318f23,
        type: 3}
      propertyPath: m_LocalPosition.y
      value: 0
      objectReference: {fileID: 0}
    - target: {fileID: 3100535072003748247, guid: 1b3d2c8431207334989cdbad87318f23,
        type: 3}
      propertyPath: m_LocalPosition.z
      value: 14.08
      objectReference: {fileID: 0}
    - target: {fileID: 3100535072003748247, guid: 1b3d2c8431207334989cdbad87318f23,
        type: 3}
      propertyPath: m_LocalRotation.x
      value: -0
      objectReference: {fileID: 0}
    - target: {fileID: 3100535072003748247, guid: 1b3d2c8431207334989cdbad87318f23,
        type: 3}
      propertyPath: m_LocalRotation.y
      value: -0
      objectReference: {fileID: 0}
    - target: {fileID: 3100535072003748247, guid: 1b3d2c8431207334989cdbad87318f23,
        type: 3}
      propertyPath: m_LocalRotation.z
      value: -0
      objectReference: {fileID: 0}
    - target: {fileID: 3100535072003748247, guid: 1b3d2c8431207334989cdbad87318f23,
        type: 3}
      propertyPath: m_LocalRotation.w
      value: 1
      objectReference: {fileID: 0}
    - target: {fileID: 3100535072003748247, guid: 1b3d2c8431207334989cdbad87318f23,
        type: 3}
      propertyPath: m_RootOrder
      value: 0
      objectReference: {fileID: 0}
    - target: {fileID: 3100535072003748247, guid: 1b3d2c8431207334989cdbad87318f23,
        type: 3}
      propertyPath: m_LocalEulerAnglesHint.x
      value: 0
      objectReference: {fileID: 0}
    - target: {fileID: 3100535072003748247, guid: 1b3d2c8431207334989cdbad87318f23,
        type: 3}
      propertyPath: m_LocalEulerAnglesHint.y
      value: 0
      objectReference: {fileID: 0}
    - target: {fileID: 3100535072003748247, guid: 1b3d2c8431207334989cdbad87318f23,
        type: 3}
      propertyPath: m_LocalEulerAnglesHint.z
      value: 0
      objectReference: {fileID: 0}
    m_RemovedComponents: []
  m_SourcePrefab: {fileID: 100100000, guid: 1b3d2c8431207334989cdbad87318f23, type: 3}
--- !u!4 &5746277013482692523 stripped
Transform:
  m_CorrespondingSourceObject: {fileID: 3100535072003748247, guid: 1b3d2c8431207334989cdbad87318f23,
    type: 3}
  m_PrefabInstance: {fileID: 7258026097060392508}
  m_PrefabAsset: {fileID: 0}
--- !u!1001 &7258026097061897762
PrefabInstance:
  m_ObjectHideFlags: 0
  serializedVersion: 2
  m_Modification:
    m_TransformParent: {fileID: 7258026096177541715}
    m_Modifications:
    - target: {fileID: 3570986064402859421, guid: 1451599c40778f7429eb6d5db20946cc,
        type: 3}
      propertyPath: m_Name
      value: ObstacleHigh (7)
      objectReference: {fileID: 0}
    - target: {fileID: 4482607276806058754, guid: 1451599c40778f7429eb6d5db20946cc,
        type: 3}
      propertyPath: m_LocalPosition.x
      value: 0
      objectReference: {fileID: 0}
    - target: {fileID: 4482607276806058754, guid: 1451599c40778f7429eb6d5db20946cc,
        type: 3}
      propertyPath: m_LocalPosition.y
      value: 0
      objectReference: {fileID: 0}
    - target: {fileID: 4482607276806058754, guid: 1451599c40778f7429eb6d5db20946cc,
        type: 3}
      propertyPath: m_LocalPosition.z
      value: 66.01
      objectReference: {fileID: 0}
    - target: {fileID: 4482607276806058754, guid: 1451599c40778f7429eb6d5db20946cc,
        type: 3}
      propertyPath: m_LocalRotation.x
      value: -0
      objectReference: {fileID: 0}
    - target: {fileID: 4482607276806058754, guid: 1451599c40778f7429eb6d5db20946cc,
        type: 3}
      propertyPath: m_LocalRotation.y
      value: -0
      objectReference: {fileID: 0}
    - target: {fileID: 4482607276806058754, guid: 1451599c40778f7429eb6d5db20946cc,
        type: 3}
      propertyPath: m_LocalRotation.z
      value: -0
      objectReference: {fileID: 0}
    - target: {fileID: 4482607276806058754, guid: 1451599c40778f7429eb6d5db20946cc,
        type: 3}
      propertyPath: m_LocalRotation.w
      value: 1
      objectReference: {fileID: 0}
    - target: {fileID: 4482607276806058754, guid: 1451599c40778f7429eb6d5db20946cc,
        type: 3}
      propertyPath: m_RootOrder
      value: 13
      objectReference: {fileID: 0}
    - target: {fileID: 4482607276806058754, guid: 1451599c40778f7429eb6d5db20946cc,
        type: 3}
      propertyPath: m_LocalEulerAnglesHint.x
      value: 0
      objectReference: {fileID: 0}
    - target: {fileID: 4482607276806058754, guid: 1451599c40778f7429eb6d5db20946cc,
        type: 3}
      propertyPath: m_LocalEulerAnglesHint.y
      value: 0
      objectReference: {fileID: 0}
    - target: {fileID: 4482607276806058754, guid: 1451599c40778f7429eb6d5db20946cc,
        type: 3}
      propertyPath: m_LocalEulerAnglesHint.z
      value: 0
      objectReference: {fileID: 0}
    - target: {fileID: 5032388161689919956, guid: 1451599c40778f7429eb6d5db20946cc,
        type: 3}
      propertyPath: m_Size.z
      value: 0.08056116
      objectReference: {fileID: 0}
    - target: {fileID: 5032388161689919956, guid: 1451599c40778f7429eb6d5db20946cc,
        type: 3}
      propertyPath: m_Center.z
      value: 0.03575921
      objectReference: {fileID: 0}
    m_RemovedComponents: []
  m_SourcePrefab: {fileID: 100100000, guid: 1451599c40778f7429eb6d5db20946cc, type: 3}
--- !u!4 &6524831673739679008 stripped
Transform:
  m_CorrespondingSourceObject: {fileID: 4482607276806058754, guid: 1451599c40778f7429eb6d5db20946cc,
    type: 3}
  m_PrefabInstance: {fileID: 7258026097061897762}
  m_PrefabAsset: {fileID: 0}
--- !u!1001 &7258026097366272251
PrefabInstance:
  m_ObjectHideFlags: 0
  serializedVersion: 2
  m_Modification:
    m_TransformParent: {fileID: 7258026096177541715}
    m_Modifications:
    - target: {fileID: 2647143848772175624, guid: 1b3d2c8431207334989cdbad87318f23,
        type: 3}
      propertyPath: m_Name
      value: ObstacleMiddle Variant (2)
      objectReference: {fileID: 0}
    - target: {fileID: 3100535072003748247, guid: 1b3d2c8431207334989cdbad87318f23,
        type: 3}
      propertyPath: m_LocalPosition.x
      value: 0
      objectReference: {fileID: 0}
    - target: {fileID: 3100535072003748247, guid: 1b3d2c8431207334989cdbad87318f23,
        type: 3}
      propertyPath: m_LocalPosition.y
      value: 0
      objectReference: {fileID: 0}
    - target: {fileID: 3100535072003748247, guid: 1b3d2c8431207334989cdbad87318f23,
        type: 3}
      propertyPath: m_LocalPosition.z
      value: 53.350006
      objectReference: {fileID: 0}
    - target: {fileID: 3100535072003748247, guid: 1b3d2c8431207334989cdbad87318f23,
        type: 3}
      propertyPath: m_LocalRotation.x
      value: -0
      objectReference: {fileID: 0}
    - target: {fileID: 3100535072003748247, guid: 1b3d2c8431207334989cdbad87318f23,
        type: 3}
      propertyPath: m_LocalRotation.y
      value: -0
      objectReference: {fileID: 0}
    - target: {fileID: 3100535072003748247, guid: 1b3d2c8431207334989cdbad87318f23,
        type: 3}
      propertyPath: m_LocalRotation.z
      value: -0
      objectReference: {fileID: 0}
    - target: {fileID: 3100535072003748247, guid: 1b3d2c8431207334989cdbad87318f23,
        type: 3}
      propertyPath: m_LocalRotation.w
      value: 1
      objectReference: {fileID: 0}
    - target: {fileID: 3100535072003748247, guid: 1b3d2c8431207334989cdbad87318f23,
        type: 3}
      propertyPath: m_RootOrder
      value: 10
      objectReference: {fileID: 0}
    - target: {fileID: 3100535072003748247, guid: 1b3d2c8431207334989cdbad87318f23,
        type: 3}
      propertyPath: m_LocalEulerAnglesHint.x
      value: 0
      objectReference: {fileID: 0}
    - target: {fileID: 3100535072003748247, guid: 1b3d2c8431207334989cdbad87318f23,
        type: 3}
      propertyPath: m_LocalEulerAnglesHint.y
      value: 0
      objectReference: {fileID: 0}
    - target: {fileID: 3100535072003748247, guid: 1b3d2c8431207334989cdbad87318f23,
        type: 3}
      propertyPath: m_LocalEulerAnglesHint.z
      value: 0
      objectReference: {fileID: 0}
    m_RemovedComponents: []
  m_SourcePrefab: {fileID: 100100000, guid: 1b3d2c8431207334989cdbad87318f23, type: 3}
--- !u!4 &5746277013126412652 stripped
Transform:
  m_CorrespondingSourceObject: {fileID: 3100535072003748247, guid: 1b3d2c8431207334989cdbad87318f23,
    type: 3}
  m_PrefabInstance: {fileID: 7258026097366272251}
  m_PrefabAsset: {fileID: 0}
--- !u!1001 &7258026097401305783
PrefabInstance:
  m_ObjectHideFlags: 0
  serializedVersion: 2
  m_Modification:
    m_TransformParent: {fileID: 7258026096177541715}
    m_Modifications:
    - target: {fileID: 2647143848772175624, guid: 1b3d2c8431207334989cdbad87318f23,
        type: 3}
      propertyPath: m_Name
      value: ObstacleMiddle Variant (5)
      objectReference: {fileID: 0}
    - target: {fileID: 3100535072003748247, guid: 1b3d2c8431207334989cdbad87318f23,
        type: 3}
      propertyPath: m_LocalPosition.x
      value: 0
      objectReference: {fileID: 0}
    - target: {fileID: 3100535072003748247, guid: 1b3d2c8431207334989cdbad87318f23,
        type: 3}
      propertyPath: m_LocalPosition.y
      value: 0
      objectReference: {fileID: 0}
    - target: {fileID: 3100535072003748247, guid: 1b3d2c8431207334989cdbad87318f23,
        type: 3}
      propertyPath: m_LocalPosition.z
      value: 111.08
      objectReference: {fileID: 0}
    - target: {fileID: 3100535072003748247, guid: 1b3d2c8431207334989cdbad87318f23,
        type: 3}
      propertyPath: m_LocalRotation.x
      value: -0
      objectReference: {fileID: 0}
    - target: {fileID: 3100535072003748247, guid: 1b3d2c8431207334989cdbad87318f23,
        type: 3}
      propertyPath: m_LocalRotation.y
      value: -0
      objectReference: {fileID: 0}
    - target: {fileID: 3100535072003748247, guid: 1b3d2c8431207334989cdbad87318f23,
        type: 3}
      propertyPath: m_LocalRotation.z
      value: -0
      objectReference: {fileID: 0}
    - target: {fileID: 3100535072003748247, guid: 1b3d2c8431207334989cdbad87318f23,
        type: 3}
      propertyPath: m_LocalRotation.w
      value: 1
      objectReference: {fileID: 0}
    - target: {fileID: 3100535072003748247, guid: 1b3d2c8431207334989cdbad87318f23,
        type: 3}
      propertyPath: m_RootOrder
      value: 25
      objectReference: {fileID: 0}
    - target: {fileID: 3100535072003748247, guid: 1b3d2c8431207334989cdbad87318f23,
        type: 3}
      propertyPath: m_LocalEulerAnglesHint.x
      value: 0
      objectReference: {fileID: 0}
    - target: {fileID: 3100535072003748247, guid: 1b3d2c8431207334989cdbad87318f23,
        type: 3}
      propertyPath: m_LocalEulerAnglesHint.y
      value: 0
      objectReference: {fileID: 0}
    - target: {fileID: 3100535072003748247, guid: 1b3d2c8431207334989cdbad87318f23,
        type: 3}
      propertyPath: m_LocalEulerAnglesHint.z
      value: 0
      objectReference: {fileID: 0}
    m_RemovedComponents: []
  m_SourcePrefab: {fileID: 100100000, guid: 1b3d2c8431207334989cdbad87318f23, type: 3}
--- !u!4 &5746277013160913696 stripped
Transform:
  m_CorrespondingSourceObject: {fileID: 3100535072003748247, guid: 1b3d2c8431207334989cdbad87318f23,
    type: 3}
  m_PrefabInstance: {fileID: 7258026097401305783}
  m_PrefabAsset: {fileID: 0}
--- !u!1001 &7258026097447261001
PrefabInstance:
  m_ObjectHideFlags: 0
  serializedVersion: 2
  m_Modification:
    m_TransformParent: {fileID: 7258026097577485080}
    m_Modifications:
    - target: {fileID: 100000, guid: d5ff40ab6846ea645b2dd059584b9354, type: 3}
      propertyPath: m_Name
      value: endRound (1)
      objectReference: {fileID: 0}
    - target: {fileID: 400000, guid: d5ff40ab6846ea645b2dd059584b9354, type: 3}
      propertyPath: m_LocalPosition.x
      value: 0.000043154
      objectReference: {fileID: 0}
    - target: {fileID: 400000, guid: d5ff40ab6846ea645b2dd059584b9354, type: 3}
      propertyPath: m_LocalPosition.y
      value: 0.0000074803
      objectReference: {fileID: 0}
    - target: {fileID: 400000, guid: d5ff40ab6846ea645b2dd059584b9354, type: 3}
      propertyPath: m_LocalPosition.z
      value: 123.33
      objectReference: {fileID: 0}
    - target: {fileID: 400000, guid: d5ff40ab6846ea645b2dd059584b9354, type: 3}
      propertyPath: m_LocalRotation.x
      value: 0.00000014201903
      objectReference: {fileID: 0}
    - target: {fileID: 400000, guid: d5ff40ab6846ea645b2dd059584b9354, type: 3}
      propertyPath: m_LocalRotation.y
      value: 0.7071068
      objectReference: {fileID: 0}
    - target: {fileID: 400000, guid: d5ff40ab6846ea645b2dd059584b9354, type: 3}
      propertyPath: m_LocalRotation.z
      value: 0.7071067
      objectReference: {fileID: 0}
    - target: {fileID: 400000, guid: d5ff40ab6846ea645b2dd059584b9354, type: 3}
      propertyPath: m_LocalRotation.w
      value: -0.00000012665987
      objectReference: {fileID: 0}
    - target: {fileID: 400000, guid: d5ff40ab6846ea645b2dd059584b9354, type: 3}
      propertyPath: m_RootOrder
      value: 2
      objectReference: {fileID: 0}
    - target: {fileID: 400000, guid: d5ff40ab6846ea645b2dd059584b9354, type: 3}
      propertyPath: m_LocalEulerAnglesHint.x
      value: -89.98
      objectReference: {fileID: 0}
    - target: {fileID: 400000, guid: d5ff40ab6846ea645b2dd059584b9354, type: 3}
      propertyPath: m_LocalEulerAnglesHint.y
      value: 0
      objectReference: {fileID: 0}
    - target: {fileID: 400000, guid: d5ff40ab6846ea645b2dd059584b9354, type: 3}
      propertyPath: m_LocalEulerAnglesHint.z
      value: 179.99998
      objectReference: {fileID: 0}
    m_RemovedComponents: []
  m_SourcePrefab: {fileID: 100100000, guid: d5ff40ab6846ea645b2dd059584b9354, type: 3}
--- !u!4 &7258026097447389641 stripped
Transform:
  m_CorrespondingSourceObject: {fileID: 400000, guid: d5ff40ab6846ea645b2dd059584b9354,
    type: 3}
  m_PrefabInstance: {fileID: 7258026097447261001}
  m_PrefabAsset: {fileID: 0}
--- !u!1 &7258026097447163369 stripped
GameObject:
  m_CorrespondingSourceObject: {fileID: 100000, guid: d5ff40ab6846ea645b2dd059584b9354,
    type: 3}
  m_PrefabInstance: {fileID: 7258026097447261001}
  m_PrefabAsset: {fileID: 0}
--- !u!1001 &7258026097591389040
PrefabInstance:
  m_ObjectHideFlags: 0
  serializedVersion: 2
  m_Modification:
    m_TransformParent: {fileID: 7258026097577485080}
    m_Modifications:
    - target: {fileID: 100000, guid: d5ff40ab6846ea645b2dd059584b9354, type: 3}
      propertyPath: m_Name
      value: endRound
      objectReference: {fileID: 0}
    - target: {fileID: 400000, guid: d5ff40ab6846ea645b2dd059584b9354, type: 3}
      propertyPath: m_LocalPosition.x
      value: -0
      objectReference: {fileID: 0}
    - target: {fileID: 400000, guid: d5ff40ab6846ea645b2dd059584b9354, type: 3}
      propertyPath: m_LocalPosition.y
      value: 0
      objectReference: {fileID: 0}
    - target: {fileID: 400000, guid: d5ff40ab6846ea645b2dd059584b9354, type: 3}
      propertyPath: m_LocalPosition.z
      value: 0
      objectReference: {fileID: 0}
    - target: {fileID: 400000, guid: d5ff40ab6846ea645b2dd059584b9354, type: 3}
      propertyPath: m_LocalRotation.x
      value: -0.7071068
      objectReference: {fileID: 0}
    - target: {fileID: 400000, guid: d5ff40ab6846ea645b2dd059584b9354, type: 3}
      propertyPath: m_LocalRotation.y
      value: 0
      objectReference: {fileID: 0}
    - target: {fileID: 400000, guid: d5ff40ab6846ea645b2dd059584b9354, type: 3}
      propertyPath: m_LocalRotation.z
      value: -0
      objectReference: {fileID: 0}
    - target: {fileID: 400000, guid: d5ff40ab6846ea645b2dd059584b9354, type: 3}
      propertyPath: m_LocalRotation.w
      value: 0.7071068
      objectReference: {fileID: 0}
    - target: {fileID: 400000, guid: d5ff40ab6846ea645b2dd059584b9354, type: 3}
      propertyPath: m_RootOrder
      value: 1
      objectReference: {fileID: 0}
    - target: {fileID: 400000, guid: d5ff40ab6846ea645b2dd059584b9354, type: 3}
      propertyPath: m_LocalEulerAnglesHint.x
      value: 0
      objectReference: {fileID: 0}
    - target: {fileID: 400000, guid: d5ff40ab6846ea645b2dd059584b9354, type: 3}
      propertyPath: m_LocalEulerAnglesHint.y
      value: 0
      objectReference: {fileID: 0}
    - target: {fileID: 400000, guid: d5ff40ab6846ea645b2dd059584b9354, type: 3}
      propertyPath: m_LocalEulerAnglesHint.z
      value: 0
      objectReference: {fileID: 0}
    m_RemovedComponents: []
  m_SourcePrefab: {fileID: 100100000, guid: d5ff40ab6846ea645b2dd059584b9354, type: 3}
--- !u!4 &7258026097591521776 stripped
Transform:
  m_CorrespondingSourceObject: {fileID: 400000, guid: d5ff40ab6846ea645b2dd059584b9354,
    type: 3}
  m_PrefabInstance: {fileID: 7258026097591389040}
  m_PrefabAsset: {fileID: 0}
--- !u!1 &7258026097591356880 stripped
GameObject:
  m_CorrespondingSourceObject: {fileID: 100000, guid: d5ff40ab6846ea645b2dd059584b9354,
    type: 3}
  m_PrefabInstance: {fileID: 7258026097591389040}
  m_PrefabAsset: {fileID: 0}
--- !u!1001 &7258026097628084324
PrefabInstance:
  m_ObjectHideFlags: 0
  serializedVersion: 2
  m_Modification:
    m_TransformParent: {fileID: 7258026096177541715}
    m_Modifications:
    - target: {fileID: 3570986064402859421, guid: 1451599c40778f7429eb6d5db20946cc,
        type: 3}
      propertyPath: m_Name
      value: ObstacleHigh (6)
      objectReference: {fileID: 0}
    - target: {fileID: 4482607276806058754, guid: 1451599c40778f7429eb6d5db20946cc,
        type: 3}
      propertyPath: m_LocalPosition.x
      value: 0
      objectReference: {fileID: 0}
    - target: {fileID: 4482607276806058754, guid: 1451599c40778f7429eb6d5db20946cc,
        type: 3}
      propertyPath: m_LocalPosition.y
      value: 0
      objectReference: {fileID: 0}
    - target: {fileID: 4482607276806058754, guid: 1451599c40778f7429eb6d5db20946cc,
        type: 3}
      propertyPath: m_LocalPosition.z
      value: 47.130005
      objectReference: {fileID: 0}
    - target: {fileID: 4482607276806058754, guid: 1451599c40778f7429eb6d5db20946cc,
        type: 3}
      propertyPath: m_LocalRotation.x
      value: -0
      objectReference: {fileID: 0}
    - target: {fileID: 4482607276806058754, guid: 1451599c40778f7429eb6d5db20946cc,
        type: 3}
      propertyPath: m_LocalRotation.y
      value: -0
      objectReference: {fileID: 0}
    - target: {fileID: 4482607276806058754, guid: 1451599c40778f7429eb6d5db20946cc,
        type: 3}
      propertyPath: m_LocalRotation.z
      value: -0
      objectReference: {fileID: 0}
    - target: {fileID: 4482607276806058754, guid: 1451599c40778f7429eb6d5db20946cc,
        type: 3}
      propertyPath: m_LocalRotation.w
      value: 1
      objectReference: {fileID: 0}
    - target: {fileID: 4482607276806058754, guid: 1451599c40778f7429eb6d5db20946cc,
        type: 3}
      propertyPath: m_RootOrder
      value: 12
      objectReference: {fileID: 0}
    - target: {fileID: 4482607276806058754, guid: 1451599c40778f7429eb6d5db20946cc,
        type: 3}
      propertyPath: m_LocalEulerAnglesHint.x
      value: 0
      objectReference: {fileID: 0}
    - target: {fileID: 4482607276806058754, guid: 1451599c40778f7429eb6d5db20946cc,
        type: 3}
      propertyPath: m_LocalEulerAnglesHint.y
      value: 0
      objectReference: {fileID: 0}
    - target: {fileID: 4482607276806058754, guid: 1451599c40778f7429eb6d5db20946cc,
        type: 3}
      propertyPath: m_LocalEulerAnglesHint.z
      value: 0
      objectReference: {fileID: 0}
    - target: {fileID: 5032388161689919956, guid: 1451599c40778f7429eb6d5db20946cc,
        type: 3}
      propertyPath: m_Size.z
      value: 0.08056116
      objectReference: {fileID: 0}
    - target: {fileID: 5032388161689919956, guid: 1451599c40778f7429eb6d5db20946cc,
        type: 3}
      propertyPath: m_Center.z
      value: 0.03575921
      objectReference: {fileID: 0}
    m_RemovedComponents: []
  m_SourcePrefab: {fileID: 100100000, guid: 1451599c40778f7429eb6d5db20946cc, type: 3}
--- !u!4 &6524831674305989478 stripped
Transform:
  m_CorrespondingSourceObject: {fileID: 4482607276806058754, guid: 1451599c40778f7429eb6d5db20946cc,
    type: 3}
  m_PrefabInstance: {fileID: 7258026097628084324}
  m_PrefabAsset: {fileID: 0}
--- !u!1001 &7258026097664753370
PrefabInstance:
  m_ObjectHideFlags: 0
  serializedVersion: 2
  m_Modification:
    m_TransformParent: {fileID: 7258026096177541715}
    m_Modifications:
    - target: {fileID: 3570986064402859421, guid: 1451599c40778f7429eb6d5db20946cc,
        type: 3}
      propertyPath: m_Name
      value: ObstacleHigh (4)
      objectReference: {fileID: 0}
    - target: {fileID: 4482607276806058754, guid: 1451599c40778f7429eb6d5db20946cc,
        type: 3}
      propertyPath: m_LocalPosition.x
      value: 0
      objectReference: {fileID: 0}
    - target: {fileID: 4482607276806058754, guid: 1451599c40778f7429eb6d5db20946cc,
        type: 3}
      propertyPath: m_LocalPosition.y
      value: 0
      objectReference: {fileID: 0}
    - target: {fileID: 4482607276806058754, guid: 1451599c40778f7429eb6d5db20946cc,
        type: 3}
      propertyPath: m_LocalPosition.z
      value: 29.1
      objectReference: {fileID: 0}
    - target: {fileID: 4482607276806058754, guid: 1451599c40778f7429eb6d5db20946cc,
        type: 3}
      propertyPath: m_LocalRotation.x
      value: -0
      objectReference: {fileID: 0}
    - target: {fileID: 4482607276806058754, guid: 1451599c40778f7429eb6d5db20946cc,
        type: 3}
      propertyPath: m_LocalRotation.y
      value: -0
      objectReference: {fileID: 0}
    - target: {fileID: 4482607276806058754, guid: 1451599c40778f7429eb6d5db20946cc,
        type: 3}
      propertyPath: m_LocalRotation.z
      value: -0
      objectReference: {fileID: 0}
    - target: {fileID: 4482607276806058754, guid: 1451599c40778f7429eb6d5db20946cc,
        type: 3}
      propertyPath: m_LocalRotation.w
      value: 1
      objectReference: {fileID: 0}
    - target: {fileID: 4482607276806058754, guid: 1451599c40778f7429eb6d5db20946cc,
        type: 3}
      propertyPath: m_RootOrder
      value: 6
      objectReference: {fileID: 0}
    - target: {fileID: 4482607276806058754, guid: 1451599c40778f7429eb6d5db20946cc,
        type: 3}
      propertyPath: m_LocalEulerAnglesHint.x
      value: 0
      objectReference: {fileID: 0}
    - target: {fileID: 4482607276806058754, guid: 1451599c40778f7429eb6d5db20946cc,
        type: 3}
      propertyPath: m_LocalEulerAnglesHint.y
      value: 0
      objectReference: {fileID: 0}
    - target: {fileID: 4482607276806058754, guid: 1451599c40778f7429eb6d5db20946cc,
        type: 3}
      propertyPath: m_LocalEulerAnglesHint.z
      value: 0
      objectReference: {fileID: 0}
    - target: {fileID: 5032388161689919956, guid: 1451599c40778f7429eb6d5db20946cc,
        type: 3}
      propertyPath: m_Size.z
      value: 0.08056116
      objectReference: {fileID: 0}
    - target: {fileID: 5032388161689919956, guid: 1451599c40778f7429eb6d5db20946cc,
        type: 3}
      propertyPath: m_Center.z
      value: 0.03575921
      objectReference: {fileID: 0}
    m_RemovedComponents: []
  m_SourcePrefab: {fileID: 100100000, guid: 1451599c40778f7429eb6d5db20946cc, type: 3}
--- !u!4 &6524831674340560344 stripped
Transform:
  m_CorrespondingSourceObject: {fileID: 4482607276806058754, guid: 1451599c40778f7429eb6d5db20946cc,
    type: 3}
  m_PrefabInstance: {fileID: 7258026097664753370}
  m_PrefabAsset: {fileID: 0}
